3210 4868
774 256 818 334 17

223 496 294 575 est,
320 513 397 556 oum
423 489 529 556 latina
550 490 675 579 desint)
697 499 856 576 mutatur,
878 494 914 559 in
938 515 1005 579 qua
1027 514 1158 558 summa
1173 490 1308 581 ¹imperii
1330 491 1381 558 est

226 618 331 684 penes
355 596 509 663 homines
531 596 692 662 militares
716 603 750 662 et
770 597 935 663 honorum
964 597 1122 686 cupidos,
1153 604 1192 663 ut
1219 599 1254 662 in
1276 597 1380 662 Lace-

222 701 476 766 daemoniorum
505 709 538 767 et
552 701 761 766 Cretensium
778 703 987 784 civitatibns3
1012 725 1053 766 ex
1074 703 1260 768 timooratia
1281 704 1381 768 latius

226 811 381 894 serpente
406 806 570 894 pecuniae
601 807 785 894 cupiditate
815 806 999 893 oligarchia
1031 807 1150 891 oritur,
1182 809 1382 895 oligarchiae

225 911 267 976 ab
293 911 505 994 hominibus,
529 911 587 996 qui
609 911 839 998 voluptatibus
861 913 1068 997 inserviunt,
1092 914 1127 979 in
1151 913 1381 997 democretius,

225 1014 288 1079 hae
311 1016 348 1081 in
365 1015 566 1111 tyrannides
590 1023 840 1082 convertuntur.

308 1136 497 1223 Oligarchi,
520 1136 664 1202 hominis
688 1137 801 1203 divitis
824 1145 858 1202 et
879 1139 970 1226 parci
994 1139 1048 1221 (cf.
1073 1140 1138 1204 554
1161 1141 1216 1205 A:
1242 1143 1377 1218 θησαυ-

222 1240 352 1326 ροποιός
382 1239 487 1327 άνήρ),
523 1242 581 1325 qui
611 1248 743 1307 tantum
774 1243 978 1307 necessarias
1015 1244 1147 1331 expleat
1178 1245 1378 1333 cupiditates

223 1345 277 1430 (cf.
300 1348 366 1412 554
387 1346 436 1410 A:
461 1343 521 1419 τάς
543 1344 745 1426 ἀναγκαίους
768 1350 958 1428 ἐπιθυμίας
979 1346 1080 1428 μόνον
1103 1343 1168 1414 τοῖν
1190 1349 1265 1435 παρ’
1289 1343 1380 1432 αυτῷ

224 1450 456 1535 άποπιμπλάς),
479 1451 568 1516 filius
591 1473 667 1516 cum
690 1451 734 1515 sit
759 1457 857 1517 natus
879 1453 915 1516 in
939 1453 1087 1518 omnium
1109 1475 1219 1518 rerum
1234 1453 1380 1517 maxima

225 1557 322 1644 copia
345 1563 380 1622 et
402 1578 518 1644 expers
536 1549 733 1620 eruditionis
756 1555 911 1638 liberalis,
936 1555 1082 1623 declinat
1103 1557 1147 1623 ad
1168 1558 1280 1624 varias
1302 1556 1378 1644 libi,-

223 1660 336 1746 dines,
366 1683 434 1728 non
456 1668 590 1728 tantum
613 1659 657 1726 ad
679 1658 881 1724 necessarias
905 1668 944 1726 ut
967 1666 1063 1748 pater
1087 1662 1142 1751 (cf.
1166 1663 1228 1727 561
1252 1664 1303 1727 A:
1327 1654 1379 1748 ἆρ’

222 1766 288 1844 οὐχ
310 1756 397 1832 οὕτω
419 1790 494 1843 πως,
515 1759 554 1844 ἦν
578 1762 677 1846 δ’ἐμά,
700 1768 772 1838 νέος
796 1756 840 1828 cin
857 1764 1062 1850 μεταβάλλει
1085 1774 1121 1833 ἐκ
1142 1764 1203 1833 τοῦ
1226 1772 1258 1831 ἐν
1275 1765 1380 1847 α’ναν-

221 1874 329 1944 καίοις
360 1875 552 1953 ἐπιθυμίαις
588 1874 792 1957 τρεᾳομὲνου
826 1867 883 1945 τήν
921 1865 985 1935 τῶν
1022 1869 1067 1952 μή
1098 1872 1287 1953 α’νανκαιόιν
1322 1873 1380 1938 καὶ

226 1972 405 2062 α’νωᾳελῶν
428 1974 552 2052 η’ὃονοῖν
576 1975 795 2062 ἐλευθέρωσίν
818 1998 854 2037 τε
874 1975 932 2039 καὶ
955 1967 1082 2056 dorcam
1107 1977 1193 2062 eto).

308 2096 520 2169 Pulcherima
555 2096 802 2184 comparatione
831 2102 941 2161 utens.
958 2095 1023 2162 hoc
1054 2099 1152 2165 Plato
1183 2099 1237 2164 his
1266 2097 1379 2164 verbis

224 2200 307 2266 dicit
327 2201 393 2265 560
412 2190 463 2265 Bi
480 2197 712 2288 ,Tricornium
735 2198 782 2278 δή,
805 2198 906 2282 οἶμαι,
929 2204 1120 2288 κατέλαβον
1143 2201 1201 2279 τήν
1223 2201 1283 2268 roi]
1304 2207 1380 2268 νέου

225 2303 281 2382 τῆς
302 2301 418 2394 ψυχῆς
447 2305 652 2392 α’κρόπολιν,Ι
673 2304 876 2387 αἰσθόμεναι
906 2306 1002 2384 κενήν
1032 2307 1243 2390 μαθημάτων
1267 2331 1301 2373 τε
1322 2310 1380 2373 καὶ

224 2411 486 2494 ἐπιτηδευμάτων
521 2409 633 2476 καλῶν
671 2412 728 2475 καὶ
767 2409 870 2491 λόγων
909 2410 1067 2490 α’ληθοῖν,”
1105 2413 1139 2479 οἳ
1175 2412 1213 2491 δή
1251 2405 1380 2500 άριοτοι

223 2525 371 2605 φρουροί
387 2540 423 2581 τε
443 2517 499 2581 καὶ
524 2509 672 2604 φύλακες
694 2521 727 2580 ἐν
751 2515 880 2605 α’νιλροῖιν
906 2516 1076 2605 θεοιιιλῶν
1099 2523 1160 2582 ειόι
1184 2519 1373 2592 ιλιανοίαιςθ

312 2648 420 2725 Quam
435 2646 634 2713 continuans
650 2647 931 2734 comparationem
947 2671 1023 2713 cum
1037 2649 1150 2736 paullo
1166 2656 1243 2737 post
1266 2649 1333 2714 560
1350 2649 1375 2714 Ο

226 2750 324 2816 dicit:
357 2748 553 2838 ,strictiores
582 2753 613 2815 οἱ
645 2749 803 2831 άλαζόνες
834 2751 923 2834 λόγοι
947 2759 1062 2819 ἐκεῖνοι
1093 2753 1154 2829 τάς
1185 2751 1244 2819 του
1275 2756 1377 2840 βασι-

226 2852 321 2922 λικου
343 2860 474 2934 τείχους
496 2861 530 2919 ἐν
553 2852 645 2937 αὐτῷ
659 2853 765 2929 πάλας
781 2859 874 2939 etc.,“
899 2856 982 2922 mihi
997 2857 1134 2944 quidem
1149 2858 1288 2925 dubium
1309 2880 1378 2923 non

224 2966 292 3046 est,
316 2960 399 3048 quin
423 2957 502 3047 ,rori
524 2957 705 3044 βασιλικοῦ
728 2962 876 3051 τει’χους“
900 2962 994 3026 lusus
1018 2962 1071 3027 sit.

312 3093 521 3178 Quamquam
544 3089 633 3155 enim
655 3089 820 3155 traditum
843 3114 911 3157 non
934 3099 986 3157 est
1014 3093 1051 3157 in
1073 3115 1148 3159 arce
1170 3092 1379 3175 Athenarum

226 3203 285 3263 ant
316 3197 381 3263 alio
412 3196 485 3262 loco
515 3217 648 3260 murum
677 3194 796 3279 fuisse,
827 3197 880 3262 oni
910 3219 1032 3262 nomen
1064 3197 1238 3284 βασιλικόν
1269 3208 1379 3276 τεῖχος

225 3300 344 3386 fuerit,
375 3307 487 3367 tamen
524 3299 608 3365 mihi
641 3321 835 3387 persuasum
869 3307 921 3365 est
950 3302 1125 3369 Platonem
1154 3303 1218 3368 hac
1248 3325 1378 3390 compa·

225 3406 357 3472 ratione
379 3428 519 3472 usurum
540 3426 609 3470 non
631 3403 743 3488 fuisse,
766 3405 833 3469 nisi
855 3406 890 3470 in
913 3428 1045 3472 murum
1067 3407 1250 3492 quendam,
1273 3406 1378 3472 homi-

227 3512 328 3578 nibus
358 3511 447 3576 illius
477 3509 595 3574 aetatis
626 3515 761 3592 notum,
792 3508 968 3576 allusisset.
1023 3511 1130 3588 Quam
1160 3512 1248 3576 enim
1278 3494 1396 3577 aliam¹

183 3621 188 3629 '
224 3632 360 3682 oausam
381 3615 485 3681 fuisse
507 3618 681 3701 putemus,
714 3636 772 3679 cur
793 3614 847 3697 id,
884 3615 974 3700 quod
997 3637 1097 3704 supra
1120 3613 1297 3702 α’κμόπολιν
1321 3612 1377 3691 τῆς

225 3717 341 3810 ψυχῆς
361 3719 606 3801 nominaverat,
636 3719 700 3783 hoc
729 3714 820 3784 loco'
831 3718 1007 3805 βασιλικὸν
1039 3730 1148 3798 τεῖχος
1171 3719 1375 3807 appellaret?

223 3825 271 3891 Et
285 3824 486 3890 vocabulum
509 3832 618 3900 τεῖχος
637 3822 783 3909 quidem,
806 3830 845 3888 ut
860 3826 1070 3889 continuaret
1085 3825 1375 3911 comparationem,

224 3929 375 4018 posuisse
391 3929 573 3994 existimari
587 3933 706 4014 potest,
730 3927 789 3992 sed
803 3927 979 4012 βασιλικὸν
994 3951 1063 3994 non
1084 3929 1150 3994 nisi
1165 3930 1259 3995 lusus
1276 3951 1377 3996 causa

224 4032 392 4100 adiectum
415 4055 487 4100 esse
510 4033 663 4118 intellegi
684 4039 805 4121 potest.

309 4157 373 4223 561
403 4157 434 4224 Ε
470 4154 674 4223 vocabulum
711 4151 881 4237 ιὀονομικῦ
920 4156 1177 4244 ambiguitatem
1216 4156 1374 4223 continet.

222 4260 413 4353 ,looooncxoc
435 4267 574 4331 vocatur
604 4259 704 4327 homo
726 4260 912 4352 popularis,
944 4261 1060 4350 quiid
1084 4263 1212 4344 studet,
1246 4269 1286 4328 ut
1307 4285 1376 4328 om-

370 4372 372 4376 ’
1200 4370 1217 4425 2
