3210 4868
652 1084 807 1151 Altera
828 1107 936 1174 pars.

215 1313 219 1322 ·
311 1278 453 1345 Phaedr.
478 1279 542 1346 230
564 1278 613 1344 A:
638 1278 748 1346 σκοπῶ
770 1280 810 1344 οὐ
832 1279 953 1356 τοῦτο,
985 1279 1056 1345 αλλ)
1080 1282 1236 1364 λμκντόν,
1259 1290 1324 1352 Ιεἴτε
1345 1312 1377 1354 τι

225 1387 346 1473 θηρίον
369 1383 524 1465 τνγχιλνοι
546 1385 754 1474 Τνᾳκῶνος
775 1385 1061 1472 πολυπλοκώτερον
1084 1391 1141 1454 καὶ
1162 1389 1287 1471 μᾶλλον
1310 1399 1359 1459 ἐπι

224 1495 447 1574 τεθνμιιένον,
470 1496 535 1557 εἴτε
557 1492 759 1582 ἡμερώτερόν
783 1519 816 1559 τε
837 1496 895 1559 καὶ
919 1491 1142 1583 οἷπλολστερον
1166 1493 1257 1581 ζῷον,
1280 1500 1379 1574 θείας

224 1597 311 1673 τινός
332 1599 390 1663 καὶ
413 1595 583 1685 ciroleon
606 1598 843 1687 perpetualibus
866 1604 1019 1691 pereger..

311 1721 484 1789 Vooabulo
510 1715 655 1808 ἄτονος,
679 1722 768 1808 quod
790 1723 879 1788 idem
901 1723 993 1789 valet
1016 1723 1106 1809 quod
1130 1723 1272 1800 νῖπλοῦν,
1295 1725 1378 1791 allu-

225 1827 315 1894 ditur
337 1827 381 1893 ad
403 1828 616 1916 Typhonem,
650 1829 709 1915 qui
731 1851 807 1893 eum
830 1829 873 1894 sit
899 1827 1224 1924 ,uoluatoun'ruroe“
1251 1829 1378 1918 simpli-

227 1934 294 1999 t
295 1934 322 2000 tr
345 1933 529 1999 contrarius
552 1938 611 1999 est

311 2056 413 2144 Resp.
437 2056 572 2122 58013:
599 2057 873 2140 Μισθωσολμεθοι
895 2048 954 2123 οὖν
977 2022 1172 2144 reipsam)
1153 2082 1192 2135 ην
1224 2054 1324 2137 δ’ἐνολ,
1357 2049 1379 2134 η’

230 2160 332 2236 οιλτος
353 2161 482 2236 οἶνείποι,
505 2152 556 2227 ὅτι
579 2188 596 2229 ο
591 2163 870 2251 ε’Ἀριστωνος
891 2162 962 2237 οἰὸς
983 2187 1040 2228 τον
1065 2155 1242 2250 οέρ-ιστόν
1265 2187 1300 2228 τε
1321 2167 1381 2232 κοιλ
1457 2201 1459 2205 <

228 2264 437 2333 δικαιότατον
462 2267 800 2349 εύιλκιμονέστιιτον’
781 2293 899 2354 εκρινε,
923 2274 985 2332 ολο.

279 2388 439 2459 Similit
440 2389 543 2455 udine
567 2392 809 2457 vocabulorum
831 2390 987 2476 Ἀριστον
1020 2395 1053 2454 ολ
1075 2381 1208 2476 ἄριστος
1230 2388 1301 2454 ludi
1323 2348 1381 2476 ap-

224 2502 332 2585 paret.
389 2494 502 2559 Etiam
535 2494 609 2559 aliis
640 2495 721 2562 loeis
745 2495 862 2561 Soorat
849 2500 898 2560 tes
927 2495 1013 2560 filios
1045 2493 1138 2559 Arist
1124 2493 1211 2559 tonis
1243 2494 1381 2558 summis

230 2601 388 2666 laudibus
412 2598 510 2663 effert
532 2605 668 2688 propter
688 2600 847 2666 virtutem
879 2604 912 2664 et
934 2599 1142 2664 nobilitatem
1164 2598 1313 2683 generiS,
1342 2604 1381 2664 ut

229 2707 333 2795 Resp.
357 2705 422 2769 368
444 2705 485 2787 A,
509 2703 569 2769 ubi
591 2704 717 2791 elegiae
734 2703 917 2786 cuiusdam,
941 2704 1035 2769 ouius
1057 2709 1226 2768 auctorem
1243 2702 1381 2768 Gritiam

227 2810 334 2876 fuisse
357 2808 642 2874 Sehleiermaeher
665 2810 873 2897 suspicatur,
896 2808 1026 2874 initium
1049 2808 1260 2895 pronuntiat:
1302 2861 1304 2864 .
1353 2805 1356 2813 '

313 2931 427 3006 παῖδος
450 2931 660 3017 Ἀρίστωνος,
681 2929 810 2997 κλεινοῦ
834 2934 930 2997 θεῖον
953 2935 1045 3012 γένος
1067 2929 1196 3015 σ’νιλρός.

310 3054 416 3142 'Resp
441 3054 506 3119 614
527 3054 575 3120 Β;
608 3054 692 3120 Ἀλλ’
715 3056 754 3118 ού
777 3059 885 3134 μέντοι
909 3077 975 3128 σοι,
1004 3045 1042 3127 ἦν
1068 3051 1166 3132 δ’ὲνολ,
1190 3052 1382 3117 Ἀλκίνον

227 3182 263 3241 γε
296 3158 457 3239 α’πόλογον
490 3157 568 3247 ἐρῶ,
609 3160 679 3224 αλλ’
719 3159 907 3241 α’λκίμον
937 3161 996 3241 μέν
1027 3155 1162 3242 οἰνιλρός,
1199 3155 1293 3243 Ἠρὸς
1323 3151 1382 3221 τοῦ

230 3265 414 3350 Ἁρμονιον,
437 3269 497 3328 eto.
551 3322 555 3329 .

315 3386 428 3452 Facet'
419 3385 532 3450 1ssime
556 3406 624 3449 una
646 3385 701 3449 litt
672 3390 764 3450 tt-era
790 3390 918 3450 mutata
884 3385 1089 3450 λἈλκίνον
1112 3382 1263 3446 converti
1264 3389 1318 3446 tur
1346 3382 1382 3446 in

229 3491 319 3573 (ι’λκίι
320 3513 379 3556 ιον.
426 3488 475 3554 Of.
507 3487 625 3553 Stallb
659 3488 848 3575 Opponitur
877 3489 1037 3568 Aloin00,
1069 3487 1197 3551 homini
1224 3486 1318 3552 molli
1349 3492 1383 3551 ολ

231 3596 377 3679 imbelli,
410 3594 467 3681 qui
496 3599 627 3657 tantum
659 3592 801 3657 audierit
831 3593 1000 3659 fabulosas
1022 3592 1132 3659 Ulixis
1162 3591 1381 3672 narrationes,

231 3701 303 3788 ipse
325 3698 409 3765 nihil
432 3698 546 3783 magni
569 3718 632 3761 nec
655 3697 797 3782 gesserit
818 3720 881 3762 nee
902 3719 1020 3784 passus
1044 3697 1103 3780 sit,
1134 3696 1199 3776 Er,
1223 3695 1275 3760 vir
1297 3694 1382 3759 mili-

230 3805 329 3888 tarie,
353 3804 467 3888 quiin
491 3802 562 3867 acie
585 3823 700 3866 caesus
723 3801 813 3889 apud
835 3801 958 3866 inferos
981 3802 1086 3866 multo
1110 3800 1309 3866 terribiliora
1333 3798 1383 3863 vi-

232 3909 317 3973 derit
339 3930 439 3995 quam
461 3908 531 3995 ipse
554 3906 681 3973 Ulixes,
728 3906 777 3970 Of.
802 3905 913 3971 Sobel.

319 4029 447 4096 Phileb.
470 4028 558 4093 1713
583 4021 715 4114 ἄπειρον
738 4028 882 4115 primum
905 4027 1083 4108 infinitum,
1108 4023 1229 4089 deinde
1252 4021 1384 4110 imperi·

231 4141 306 4226 tum
322 4133 509 4222 signifieat;
534 4131 616 4197 dicit
632 4133 721 4198 enim
736 4132 907 4198 Socrates:
928 4131 984 4218 „ro’
1002 4123 1162 4216 ιλίλπειρόν
1186 4153 1222 4192 σε
1238 4127 1383 4193 ἑκάστων

234 4242 292 4308 κοιὶ
316 4245 349 4306 ἐν
372 4236 522 4316 ι’κιὶστοις
544 4236 675 4318 πλῆθος
692 4227 868 4325 ἄπειρον
893 4235 1048 4306 ι’κάστοτε
1070 4246 1156 4303 ποιεῖ
1175 4231 1235 4302 τοῦ
1253 4243 1385 4325 ιρρονεῑν
