3210 4868
735 245 778 324 13

183 483 332 545 vocatur.
367 480 433 546 Per
446 488 556 547 totum
572 481 661 546 enim
678 481 849 568 dialogum
870 480 907 547 hi
923 479 1075 546 Thebani
1092 480 1339 566 quasifoedere

184 583 250 649 icto
273 583 538 652 dubitationibus
554 593 752 674 argumenta
770 585 921 652 Socratis
944 583 1148 650 labefactare
1165 591 1338 669 conantur,

188 711 257 754 non
280 711 348 774 quo
371 690 608 777 sapientissimi
630 692 696 757 viri
718 692 821 757 animi
843 689 1120 774 tranquillitatem
1144 689 1341 777 perturbare

185 794 307 876 velint,
338 834 379 842 -
402 817 480 860 nam
503 817 571 861 non
594 797 756 869 minorem
779 819 894 862 eorum
918 816 998 880 erga
1019 792 1115 858 illum
1137 794 1340 860 benevolen-

148 890 151 902 “
185 898 266 963 tiam
289 897 393 964 fuisse
417 921 517 984 quam
539 900 681 966 aliorum
698 902 880 966 amicorum
904 921 945 964 ex
961 899 1076 963 multis
1099 899 1189 964 illius
1213 899 1341 986 dialogi

186 1001 268 1068 locis
291 1010 429 1091 apparet
454 1043 492 1053 -ω
511 1005 569 1070 sed
592 1028 667 1071 cum
691 1007 738 1072 eis
760 1025 955 1093 persuasum
976 1004 1021 1067 sit
1043 1026 1161 1069 verum
1185 1003 1338 1069 omnibus

187 1107 259 1172 aliis
289 1108 390 1174 rebus
422 1110 693 1198 anteponendum
720 1132 810 1192 esse,
843 1115 877 1174 et
907 1107 1077 1174 Socratem
1107 1109 1218 1197 ipsum
1249 1107 1338 1196 male

186 1211 332 1278 laturum
348 1236 429 1298 esse,
454 1215 483 1278 si
499 1215 645 1280 amicitia
665 1214 720 1279 vel
737 1212 937 1279 verecundia
953 1213 1055 1296 ducti,
1079 1234 1164 1296 quae
1181 1213 1338 1296 sentiant,

187 1316 300 1383 celare
321 1318 508 1384 videantur.

273 1423 319 1487 Et
348 1422 508 1489 Simmiae
540 1422 671 1509 quidem
705 1422 873 1488 sententia
903 1422 1001 1489 facile
1033 1442 1052 1487 a
1084 1422 1222 1488 Socrate
1252 1420 1340 1487 refu-

185 1532 285 1592 tatur.
331 1527 416 1593 Cum
439 1528 528 1592 enim
551 1549 683 1611 omnes,
716 1522 774 1612 qui
796 1528 953 1611 aderant,
989 1528 1230 1593 concessissent
1251 1533 1341 1591 recte

187 1631 358 1698 Socratem
381 1633 569 1698 existimare
592 1632 739 1717 animas,
771 1655 847 1698 cum
878 1633 986 1698 omnis
1010 1633 1157 1719 cognitio
1181 1639 1269 1696 esset
1290 1652 1341 1695 re·

187 1735 345 1820 cordatio,
366 1737 563 1825 priusquam
585 1737 622 1801 in
645 1736 839 1824 corporibus
863 1738 959 1822 quasi
981 1737 1018 1802 in
1041 1759 1170 1803 carcere
1192 1735 1340 1801 inclusae

188 1848 317 1925 essent,
348 1842 412 1907 alio
441 1842 514 1906 loco
543 1840 664 1924 fuisse,
695 1841 754 1906 ubi
784 1864 895 1907 rerum
927 1841 1079 1906 notiones
1101 1839 1339 1929 percepissent,

188 1945 340 2011 Socrates
357 1945 455 2011 docet
476 1968 517 2010 ex
540 1969 588 2030 eo,
612 1946 703 2033 quod
719 1947 850 2012 animae
872 1953 948 2012 ante
971 1947 1058 2011 hanc
1073 1947 1178 2010 vitam
1200 1944 1337 2027 fuerint,

188 2050 299 2136 sequi,
331 2056 370 2116 ut
397 2049 475 2114 illae
503 2051 602 2116 etiam
634 2052 705 2115 sine
727 2051 791 2115 hoc
815 2073 951 2140 corpore
982 2073 1054 2116 esse
1077 2051 1225 2138 possint3
1260 2070 1339 2135 ergo

187 2178 256 2221 non
292 2177 390 2242 posse
426 2155 570 2221 animam
601 2178 675 2220 cum
706 2154 880 2221 harmonia
906 2157 999 2242 lyrae
1030 2156 1231 2244 comparari,
1272 2176 1338 2240 qua

187 2258 294 2324 fracta
316 2259 417 2323 etiam
446 2259 621 2325 harmonia
651 2260 862 2326 dissolvatur.
908 2261 1125 2332 Harmoniam
1158 2285 1235 2326 cum
1265 2260 1340 2346 lyra

188 2370 221 2429 et
241 2363 335 2429 nasci
359 2370 393 2428 et
414 2363 559 2448 interire,
584 2367 713 2431 animae
737 2371 858 2448 autem,
884 2387 960 2430 cum
983 2373 1060 2430 ante
1082 2388 1202 2454 corpus
1225 2364 1339 2447 fuerit,

188 2492 258 2535 non
279 2468 377 2534 simul
401 2490 476 2533 cum
499 2467 557 2533 illo
581 2469 817 2536 intereundum
841 2492 923 2535 esse.

275 2573 414 2639 Simmia
435 2572 524 2638 victo
549 2573 592 2638 ad
614 2574 755 2639 alterum
772 2573 1000 2640 adversarium
1017 2597 1197 2642 conversus
1221 2595 1341 2660 aggre-

189 2677 279 2742 ditur
299 2678 342 2743 ad
359 2679 491 2744 Cebetis
508 2678 751 2744 dubitationem
767 2679 992 2764 refellendam,
1016 2681 1074 2767 qui
1090 2680 1236 2745 animam
1251 2699 1341 2744 com-

188 2789 366 2870 paraverat
388 2806 464 2848 cum
497 2790 641 2868 textore,
672 2785 743 2867 cui,
777 2806 978 2871 quamquam
1000 2787 1107 2851 multa
1129 2784 1340 2866 vestimenta,

188 2908 275 2972 quae
296 2887 368 2975 ipse
400 2888 550 2972 fecisset,
582 2889 811 2974 contrivisset,
845 2896 958 2955 tamen
988 2890 1080 2978 prius
1104 2887 1341 2955 intereundum

190 2998 295 3075 esset,
331 3016 432 3078 quam
460 2993 610 3059 ultimam
643 2995 854 3060 contrivisset
876 3001 1014 3060 vestem.
1060 2994 1153 3072 Quae
1176 2993 1340 3059 dubitatio

189 3098 252 3162 etsi
281 3104 416 3163 nostrae
454 3099 573 3164 aetatis
610 3098 816 3187 philosophis
853 3098 959 3164 multo
990 3099 1099 3164 minus
1130 3097 1340 3163 difficultatis

190 3202 348 3268 habitura
378 3203 423 3267 sit
451 3225 551 3289 quam
581 3204 640 3269 illa
663 3205 837 3286 Simmiae,
868 3204 1002 3269 Platoni
1030 3205 1137 3269 multo
1168 3202 1340 3268 difficilius

192 3315 264 3373 erat
286 3330 359 3372 eam
383 3309 548 3392 refellere,
571 3331 649 3374 nam
666 3307 911 3394 quodammodo
934 3308 977 3374 ad
1000 3310 1073 3397 ipsa
1087 3309 1252 3397 principia
1266 3306 1340 3395 phi-

188 3413 361 3501 losophiae
377 3434 457 3478 suae
479 3414 529 3478 illi
544 3415 752 3479 redeundum
775 3420 846 3479 erat
861 3412 910 3500 (id
932 3418 1001 3478 est:
1025 3414 1068 3479 ad
1083 3415 1176 3480 illam
1190 3414 1340 3478 idearum

130 3517 132 3520 ’
189 3517 387 3599 doctrinam)
414 3524 448 3582 et
470 3517 700 3584 disserendum
723 3519 764 3584 de
788 3540 889 3584 causa
911 3519 1072 3584 nascendi
1096 3525 1129 3583 et
1150 3517 1340 3584 intereundi

191 3623 245 3704 (95
270 3623 318 3686 E:
342 3612 425 3696 ὅλως
454 3621 520 3709 γάρ
552 3624 603 3688 δεῖ
626 3625 699 3710 περί
725 3628 878 3703 γενέσεως
905 3624 963 3688 καὶ
985 3621 1124 3710 φθορᾶς
1146 3621 1204 3699 τήν
1228 3625 1339 3687 αἰτίαν

191 3727 593 3814 ὃιαπραγματεύσασθαι.)
607 3734 641 3792 et
655 3728 842 3793 docendum
855 3729 984 3793 animae
999 3734 1154 3792 naturam
1167 3750 1239 3792 esse
1256 3748 1339 3810 eam,

190 3854 275 3917 quae
297 3855 480 3919 numquam
509 3833 580 3898 vita
607 3833 732 3920 privari
762 3839 892 3920 posset,
924 3854 1000 3897 cum
1021 3833 1095 3919 ipsa
1125 3838 1211 3897 esset
1240 3853 1341 3898 causa

190 3942 224 4001 et
246 3937 339 4024 origo
361 3938 461 4006 vitae.
1266 3949 1267 3952 ’

276 4041 454 4132 Probanda
475 4041 559 4107 mihi
580 4042 684 4128 igitur
707 4064 821 4109 eorum
841 4043 973 4108 videtur
996 4063 1068 4108 esse
1083 4041 1258 4126 sententia,
1283 4040 1340 4128 qui

190 4154 328 4213 censent
348 4147 585 4237 philosophum
607 4170 666 4232 ea,
680 4170 764 4235 quae
787 4147 828 4214 ab
851 4148 918 4214 illis
933 4148 1102 4214 Thebanis
1125 4152 1241 4214 eontra
1263 4168 1340 4212 eum

191 4252 361 4345 disputata
384 4259 496 4337 erant,
528 4253 624 4342 quasi
653 4253 690 4319 in
718 4274 877 4344 personas
901 4254 1159 4322 constituentem
1182 4251 1340 4320 Simmiae
