3210 4868
723 333 877 343 -v-v—-en-oe-

202 526 203 529 ,
310 470 356 536 Et
378 471 419 536 de
443 470 585 558 singulis
609 470 744 556 quidem
759 471 938 537 verborum
953 472 1082 537 lusibus
1098 472 1292 559 priusquam
1307 472 1375 538 dis·

224 597 349 654 seram,
382 563 609 642 definiendum
640 582 709 658 est,
740 575 821 660 quid
853 577 905 641 sid
935 576 1029 642 lusus
1058 577 1251 660 verborum3
1288 600 1374 663 quae

225 682 376 767 quaestio
400 705 476 748 cum
499 682 622 747 habeat
644 680 853 766 aliquantum
870 680 1089 765 difficultatis,
1114 705 1182 747 non
1196 704 1374 769 possumus

225 807 293 850 non
323 808 432 874 pauca
459 786 603 874 praefari
637 785 679 850 de
708 785 809 850 variis
847 793 881 850 et
910 794 1062 852 veterum
1091 795 1124 851 et
1154 787 1374 853 recentiorum

226 890 426 978 scriptorum
448 892 510 956 hac
535 892 575 956 de
597 914 633 956 re
656 891 839 956 sententiis.
990 896 991 900 ’

316 994 428 1060 Lusus
451 994 632 1061 verborum
655 996 690 1059 in
713 994 820 1059 tacete
844 995 943 1060 dietis
959 996 1157 1061 numerandi
1179 1003 1267 1080 sunt,
1291 1020 1376 1083 quae

227 1099 301 1187 ipsa
326 1121 366 1163 ex
391 1122 428 1165 eo
452 1122 575 1187 genere
598 1106 694 1181 sunt,
727 1099 817 1184 quod
838 1100 1015 1165 ridiculum
1038 1100 1072 1186 (a
1093 1101 1190 1166 nobis
1216 1104 1291 1182 ,but
1315 1103 1375 1170 aa

226 1203 361 1287 mild)e“)
385 1211 534 1270 vocatur.
578 1205 729 1269 Primum
751 1202 856 1289 igitur
878 1204 1104 1290 quaerendum
1127 1212 1194 1288 est,
1227 1206 1308 1292 quid
1331 1195 1376 1271 sit

229 1306 425 1392 ridiculum,
449 1308 530 1394 quid
552 1307 659 1374 facete
683 1306 819 1372 dictum.

313 1413 387 1478 Hac
417 1412 459 1478 de
486 1436 522 1478 re
547 1420 678 1478 veteres
706 1412 886 1477 admodum
906 1435 1014 1499 pauca
1041 1413 1260 1498 tradiderunt,
1289 1439 1375 1502 quae

226 1519 538 1583 commemoratione
577 1517 680 1604 digna
713 1517 790 1582 sint.
851 1518 966 1583 Cicero
1005 1518 1047 1581 de
1077 1517 1225 1585 ridiculis
1259 1543 1320 1585 nec
1355 1543 1374 1586 a

226 1621 364 1688 Graecis
387 1621 571 1707 quidquam
602 1621 686 1686 disci
707 1643 806 1707 posse
828 1620 914 1687 dixit
936 1622 990 1706 (de
1014 1622 1104 1687 Orat.
1129 1624 1182 1705 II,
1207 1623 1265 1706 54,
1290 1626 1371 1690 217:

227 1727 365 1812 „ltaque
396 1750 472 1792 oum
502 1725 665 1812 quosdam
695 1726 842 1791 Graecos
873 1726 1049 1814 inscriptos
1079 1727 1182 1793 libros
1221 1751 1291 1793 esse
1323 1730 1372 1793 vi·

225 1830 348 1896 dissem
371 1831 413 1896 de
435 1832 600 1913 ridiculiS,
630 1830 826 1896 nonnullam
849 1831 885 1895 in
908 1854 1001 1919 spem
1020 1831 1178 1898 ¹veneram
1200 1855 1298 1921 posse
1319 1856 1373 1898 me

224 1935 350 2021 aliquid
374 1958 416 2000 ex
438 1937 510 2002 istis
527 1937 671 2002 discere:
695 1936 810 2008 inveni
825 1942 936 2001 autem
952 1936 1095 2002 ridicula
1116 1944 1150 2002 et
1165 1938 1253 2003 salsa
1268 1938 1373 2004 multa

225 2041 445 2124 Graecorum
474 2063 552 2107 nam
583 2048 615 2106 et
645 2040 749 2106 Siculi
780 2041 816 2105 in
839 2063 877 2106 eo
901 2064 1023 2128 genere
1047 2049 1081 2108 et
1102 2042 1227 2109 Rhodii
1251 2051 1283 2107 et
1304 2043 1373 2130 By-

224 2146 329 2211 zantii
352 2153 385 2210 et
407 2153 539 2233 praeter
563 2153 689 2211 ceteros
712 2147 818 2211 Attici
841 2147 1027 2231 excellunt3
1061 2148 1119 2214 sed
1152 2149 1210 2234 qui
1232 2149 1302 2213 eius
1325 2148 1373 2213 rei

224 2251 387 2317 rationem
410 2252 578 2337 quandam
601 2253 712 2317 conati
735 2257 813 2317 sunt
829 2258 1001 2338 artemque
1024 2252 1163 2336 tradere,
1187 2253 1235 2318 sic
1257 2254 1374 2319 insulsi

226 2356 441 2440 exstiterunt,
473 2364 511 2423 ut
538 2357 623 2423 nihil
654 2357 744 2423 aliud
774 2379 889 2423 eorum
911 2358 977 2423 nisi
999 2358 1073 2445 ipsa
1094 2357 1266 2423 insulsitas
1288 2356 1373 2422 ride-

226 2463 346 2545 atur.“)
376 2485 438 2528 nec
469 2463 540 2550 ipse
571 2462 798 2529 definitionem
828 2463 942 2545 affert,
974 2463 1086 2528 locum
1114 2469 1246 2529 tantum
1269 2469 1302 2528 et
1324 2485 1374 2527 re-

229 2568 362 2653 gionem
387 2567 483 2653 quasi
505 2568 638 2634 ridiculi
660 2569 911 2651 circumscribit,
935 2569 1024 2654 quod
1048 2569 1130 2634 dicit
1153 2569 1208 2653 (de
1224 2568 1314 2634 Orat.
1329 2568 1373 2651 Il,

225 2671 285 2755 58,
317 2672 395 2757 236)
418 2672 634 2759 turpitudine
648 2681 681 2738 et
704 2671 920 2741 deformitate
937 2674 1081 2760 quadam
1104 2674 1275 2739 contineri.
1322 2673 1372 2738 Of.

225 2775 306 2842 ibid.
330 2777 413 2841 236:
440 2777 552 2861 „Haec
576 2779 664 2844 enim
686 2780 839 2845 ridentur
860 2781 914 2846 vel
938 2780 1008 2844 sola
1030 2779 1084 2845 vel
1107 2779 1264 2863 maxime,
1289 2801 1374 2863 quae

225 2887 346 2947 notant
378 2888 411 2946 et
443 2882 623 2968 designant
651 2885 894 2974 turpitudinem
927 2886 1073 2970 aliquam
1102 2906 1170 2949 non
1200 2884 1370 2970 turpiter.“

227 2987 321 3065 Quae
351 3008 427 3052 cum
458 2987 540 3052 dicit
568 2991 620 3054 vir
650 2989 877 3073 acutissimus,
910 3011 1110 3077 quamquam
1141 3010 1209 3053 non
1240 2990 1309 3053 vim
1340 2997 1374 3053 et

226 3099 380 3158 naturam
396 3092 529 3158 ridiculi
547 3093 748 3178 definivisse,
772 3102 884 3160 tamen
900 3095 995 3180 quasi
1010 3095 1175 3181 originem
1198 3101 1231 3158 et
1245 3093 1374 3159 fontem

226 3197 396 3283 aperuisse
411 3197 554 3263 videtur.
601 3198 651 3262 Of.
670 3199 763 3264 Ouno
780 3200 928 3284 Fischer,
952 3201 1048 3270 Ueien
1070 3201 1125 3269 ben
1141 3197 1225 3286 ffssib,
1242 3204 1271 3266 2.
1289 3199 1372 3283 ἳΙιιῘΙ.

225 3299 420 3388 peitatem,
455 3303 560 3384 1889,
589 3325 666 3390 pag.
689 3304 749 3368 41:
778 3305 877 3391 „qaue
900 3305 1138 3391 ileruultottuuq
1161 3304 1197 3387 itt
1220 3295 1373 3372 ein'ttua

228 3405 310 3474 trud
341 3405 515 3490 qetemmter
538 3407 687 3494 greiteit,
718 3410 779 3494 olla
809 3410 851 3477 im
884 3411 999 3496 offensu
1022 3408 1208 3492 dtiberltreit
1235 3408 1294 3476 'mit
1323 3412 1373 3475 tet

229 3508 409 3596 titbaldum
436 3511 651 3598 ffletrodrtnnq,
683 3513 783 3596 metue
815 3513 895 3598 lelblt
928 3515 980 3600 lid]
1011 3515 1054 3584 im
1076 3513 1226 3602 ssultoste
1248 3513 1373 3598 utssiqa

226 3616 361 3704 &reiicit
384 3614 519 3695 beliutet.
565 3617 674 3701 Ueien
692 3616 895 3705 itiberiprud)
918 3621 970 3688 tet
988 3617 1113 3706 nujus
1136 3618 1190 3686 mit
1211 3618 1261 3685 ber
1282 3617 1373 3701 titte-

226 3722 328 3807 tticum
352 3721 552 3808 ffietrodtnnq
584 3723 671 3803 oter,
703 3722 811 3791 autera
843 3723 959 3810 geloqt,
989 3725 1034 3792 tie
1056 3722 1293 3808 seruaturus
1324 3722 1373 3790 otu

227 3825 414 3912 deqeultont
430 3827 537 3912 bloiet
553 3827 746 3915 assuetas
762 3848 855 3898 nenne
878 3829 918 3913 itt
935 3829 991 3897 tot
1009 3828 1148 3917 ptfilidp
1171 3827 1212 3896 im
1230 3826 1373 3911 ueitdten

227 3929 328 4000 &inne
351 3931 403 3999 bet
427 3931 579 4001 morter!
1089 3988 1090 3992 η

320 4036 412 4123 „piet
434 4038 555 4123 enlltett
577 4039 628 4107 ter
648 4039 789 4124 destruit
812 4053 870 4107 uon
894 4039 1104 4124 numittfirlid)
1128 4037 1373 4123 institueritis

229 4140 312 4228 tuuq.
360 4141 465 4226 atqu
490 4142 561 4211 tour
585 4143 635 4211 ter
653 4145 851 4230 aetraqtung
875 4146 914 4213 im
932 4145 1080 4231 gallense
1100 4143 1225 4229 attigit
1240 4139 1374 4229 {ltell‘ll

234 4245 396 4342 uuqleider
421 4247 479 4339 jeta
503 4248 563 4324 unt
586 4249 634 4333 qr
656 4249 817 4345 qrqeutiter
834 4248 979 4343 uictriqer
995 4247 1152 4340 ariadnen
1175 4248 1224 4322 ult
1246 4246 1293 4315 ein
1309 4244 1373 4321 θῦε
