3210 4868
288 1191 292 1204 ·
349 1111 506 1224 Similem
527 1154 660 1220 laudem
684 1177 722 1221 ac
744 1155 946 1239 Panaetius,
976 1179 995 1220 a
1019 1177 1084 1242 quo
1107 1155 1282 1247 Platonem
1307 1157 1376 1222 Ηο-

225 1281 354 1322 merum
382 1258 657 1347 philosophorum
695 1261 897 1348 appellatum
926 1283 998 1326 esse
1031 1261 1146 1326 Cicero
1177 1268 1291 1326 auctor
1328 1268 1378 1326 est

224 1363 340 1449 (Tusa
359 1363 386 1445 Ι,
401 1365 462 1446 32,
486 1365 550 1448 79),
575 1365 802 1442 Quintilianus
824 1365 1003 1431 elocutioni
1026 1365 1125 1430 huius
1154 1366 1218 1431 viri
1248 1366 1390 1448 tribuit,¹

224 1491 299 1533 cum
322 1467 404 1532 dicit
427 1469 517 1553 (inst.
542 1475 623 1534 orat.
648 1471 701 1552 X,
732 1471 786 1553 81)
811 1470 846 1534 in
869 1470 1009 1535 Platone
1033 1470 1182 1535 divinam
1206 1471 1376 1555 quandam

224 1579 258 1637 et
279 1573 492 1637 Homericam
515 1573 694 1659 eloquendi
716 1573 909 1639 facultatem
941 1597 1023 1640 esse.
1069 1575 1143 1640 Hac
1173 1575 1271 1641 laude
1295 1576 1376 1662 quin

223 1678 318 1742 illum
356 1678 519 1764 imprimis
550 1684 687 1767 propter
717 1679 836 1743 miram
866 1680 1151 1766 comparationum
1181 1680 1377 1745 varietatem

224 1782 365 1868 dignum
379 1781 587 1863 iudicaverit,
612 1783 751 1847 dubium
774 1806 841 1849 non
866 1790 925 1848 est.
972 1784 1285 1871 Comparationibns
1301 1807 1376 1872 pro-

223 1887 368 1974 pinquae
391 1893 470 1951 sunt
493 1888 738 1971 translationes,
762 1909 902 1972 quarum
925 1888 980 1953 ille
1003 1895 1132 1954 tantam
1155 1889 1377 1954 subtilitatem

224 1999 258 2055 et
279 1991 519 2078 praestantiam
542 1999 713 2057 assecutus
736 1999 805 2076 est,
829 1999 957 2058 utnon
980 1994 1088 2058 solum
1110 2015 1225 2058 omnes
1249 1994 1377 2060 solutae
1415 2012 1417 2016 “

160 2107 163 2117 “
224 2095 381 2161 orationis
412 2096 589 2182 scriptores
620 2096 684 2160 hoc
714 2097 750 2161 in
778 2119 901 2182 genere
931 2097 1028 2163 facile
1058 2098 1281 2186 superaverit,
1318 2099 1377 2163 sed

224 2201 324 2265 etiam
348 2200 460 2264 multis
483 2201 591 2287 poetis
615 2202 868 2288 anteponendus
892 2225 964 2267 esse
986 2202 1150 2268 videatur.

310 2333 351 2397 In
381 2332 434 2398 his
458 2333 637 2418 multisque
661 2333 735 2397 aliis
759 2335 918 2399 sermonis
940 2334 1122 2399 virtutibus
1145 2357 1213 2400 non
1235 2336 1375 2400 minima

223 2437 305 2502 mihi
335 2461 407 2503 esse
437 2437 570 2502 videtur
602 2439 722 2503 salium
752 2445 852 2524 atque
881 2438 1076 2504 facetiarum
1109 2439 1376 2505 acutissimarum

222 2543 369 2607 maxima
391 2542 505 2629 copia,
537 2564 601 2627 quo
633 2543 669 2607 in
691 2565 814 2626 genere
836 2543 933 2609 Plato
957 2543 1106 2608 aemulus
1128 2545 1375 2630 praestantissi-

223 2669 354 2712 morum
387 2647 634 2712 comoediarum
664 2648 864 2734 scriptorum
902 2648 1068 2712 exstitisse
1107 2654 1197 2713 recte
1235 2648 1376 2713 iudicari

222 2757 341 2837 potest.
387 2754 438 2818 Ac
471 2753 662 2839 saepissime
693 2751 791 2816 nobis
814 2753 849 2816 in
872 2752 962 2816 illius
984 2752 1078 2817 libris
1101 2759 1280 2817 occurrunt
1302 2775 1375 2818 ver-

219 2855 343 2924 borum
364 2856 459 2922 lusus
472 2892 482 2940 ‚1
504 2857 561 2942 qui
584 2856 776 2922 efficiuntur
798 2862 857 2921 aut
878 2856 1097 2922 similitudine
1121 2858 1233 2942 aliqua
1254 2879 1375 2922 vocum

224 2968 283 3026 aut
299 2961 448 3026 eiusdem
466 2962 561 3027 verbi
578 2963 743 3027 contraria
759 2961 1013 3048 significatione,
1038 2984 1178 3047 quarum
1193 2961 1375 3048 figurarum

225 3065 453 3143 Quintilianus
482 3066 622 3132 alteram
651 3070 918 3153 παρονομασιάν,
957 3067 1095 3132 alteram
1127 3063 1374 3131 cinraadulcmrn

222 3177 322 3235 vocat
345 3171 427 3254 (IX,
451 3171 620 3254 (te-70).

310 3303 355 3367 Et
377 3302 442 3367 Ast
465 3303 599 3388 quidem
630 3309 730 3387 atque
753 3301 959 3384 Stallbaum,
992 3323 1067 3366 cum
1098 3301 1134 3366 in
1163 3302 1257 3367 varia
1288 3300 1374 3388 figu-

222 3427 333 3472 rarum
363 3428 486 3493 genera
516 3406 772 3494 diligentissime
802 3408 951 3473 animum
981 3406 1207 3490 attenderent,
1240 3407 1275 3472 in
1306 3406 1374 3471 edi·

221 3510 370 3578 tionibus
394 3512 462 3577 suis
479 3512 639 3600 plurimos
662 3512 756 3577 lusus
778 3512 846 3578 iam
860 3518 1082 3594 notaverunt3
1107 3510 1166 3575 sed
1182 3533 1258 3576 cum
1274 3510 1374 3575 etiam

222 3616 307 3700 sint,
331 3639 414 3702 quos
437 3617 488 3681 illi
509 3617 802 3705 praetermiserint,
826 3624 860 3682 et
882 3617 957 3700 alii,
981 3636 1064 3702 quos
1087 3615 1279 3680 notaverint
1300 3621 1373 3680 tan-

222 3726 296 3786 tum
317 3744 426 3807 neque
449 3722 530 3787 satis
554 3723 813 3809 explicaverint,
849 3743 969 3809 operae
992 3719 1135 3807 pretium
1158 3719 1240 3783 mihi
1261 3719 1373 3785 visum

223 3831 274 3890 est
296 3847 411 3891 omnes
434 3827 585 3891 Platonis
607 3827 785 3892 verborum
813 3827 906 3891 lusus
930 3826 1086 3909 colligere
1118 3830 1151 3889 et
1181 3824 1217 3889 in
1246 3830 1374 3889 certum

223 3930 390 4015 quendam
414 3931 564 3997 ordinem
587 3932 739 3997 redactos
762 3930 825 3996 sub
855 3953 922 3996 uno
946 3930 1043 4015 quasi
1073 3938 1209 4017 aspectu
1239 3950 1372 4016 ponere.

308 4053 383 4119 Hac
406 4054 442 4119 in
458 4054 652 4139 quaestione
676 4059 804 4119 textum
820 4059 953 4119 secutus
970 4075 1043 4118 sum
1061 4052 1217 4119 editionis
1233 4051 1371 4115 Martini

223 4155 380 4224 Schanaii
402 4160 565 4246 (Platonis
588 4181 705 4247 opera,
740 4181 825 4245 quae
847 4157 1001 4224 feruntur
1022 4158 1151 4241 omnia,
1175 4156 1219 4222 ad
1241 4156 1372 4221 codices

223 4261 333 4331 denuo
349 4264 486 4332 collatos
502 4265 609 4332 edidit
621 4264 785 4331 Martinus
802 4263 941 4331 Schanz.
980 4262 1115 4353 Lipsiae
1132 4257 1370 4425 &Zp-1887),
