3210 4868
788 240 834 319 21

729 334 887 350 ——-—--'

325 467 461 565 Φρονεῖν
484 467 754 566 οοτρτοόοοτοτο
778 499 868 561 esse,
892 481 976 560 μέγα
999 484 1134 565 φρονεῖν
1154 468 1325 564 'significat
1348 494 1385 542 se

232 586 355 648 iactare
378 584 489 668 aliqua
511 605 556 646 re.

319 725 389 788 Nec
412 729 614 810 semperest
636 723 740 807 lusus,
764 746 839 788 cum
862 723 1063 790 vocabulum
1079 722 1248 810 quoddam
1271 721 1383 812 paullo

232 836 310 916 post
338 829 404 892 alia
425 827 671 913 significatione
701 829 838 916 ponitur
867 835 969 916 atque
1000 835 1108 893 antea.
1163 826 1201 893 Si
1230 828 1320 892 enim
1348 827 1382 892 in

232 932 456 1020 sophistarum
480 932 758 997 conclusiunculis
782 931 958 998 fallacibus
990 932 1101 997 subito
1124 931 1226 998 verbo
1250 931 1384 997 cuidam

232 1038 296 1102 alia
318 1039 369 1102 vis
393 1037 552 1102 tribuitur
581 1044 682 1123 atque
712 1044 827 1121 antea,
859 1043 898 1101 ut
927 1037 1153 1122 colloquentes
1177 1036 1385 1125 decipiantur

231 1151 265 1206 et
281 1141 527 1230 perturbentur,
548 1165 617 1208 non
640 1143 743 1224 lusuS,
767 1140 826 1206 sed
849 1141 939 1206 fraus
961 1141 1145 1230 sophistica
1162 1140 1385 1209 existimanda

232 1254 292 1311 est.
337 1247 449 1313 Huius
471 1249 520 1313 rei
543 1246 694 1334 exempla
716 1246 936 1311 inveniuntur
957 1246 992 1310 in
1008 1245 1234 1333 nythydemo,
1258 1250 1297 1309 ut
1319 1244 1383 1309 287

230 1351 362 1428 D—E‚
385 1351 444 1417 ubi
460 1351 601 1418 verbum
622 1359 708 1417 νοεῖν
723 1351 868 1439 primum
883 1350 1052 1435 significat
1073 1349 1118 1434 id,
1143 1348 1233 1436 quod
1254 1349 1384 1414 ratione

229 1455 417 1543 praeditum
440 1463 500 1540 est,
526 1456 647 1521 deinde
672 1453 728 1540 ,ul
746 1452 834 1541 ῥῆμα
856 1455 943 1519 νότια
968 1455 1057 1520 idem
1081 1453 1261 1540 estquod:
1285 1473 1383 1518 voca·

231 1560 349 1625 bulum
375 1561 544 1648 significat
566 1562 638 1627 sive
660 1560 759 1624 valet.
804 1559 972 1624 Dicuntur
999 1560 1088 1625 enim
1111 1556 1385 1644 aDionysodoro

229 1670 264 1728 et
287 1665 425 1730 Socrate
448 1666 546 1732 haec:
574 1661 742 1752 ῃΠότερον
767 1655 826 1728 οὖν
848 1663 965 1747 ψυχήν
999 1666 1121 1742 έχοντα
1142 1674 1235 1730 νοεῖ
1260 1662 1303 1727 τοὶ
1325 1685 1382 1727 νο-

228 1766 349 1845 οῦντα,
371 1764 390 1848 ν’)
411 1773 468 1837 καὶ
491 1769 534 1836 τό
557 1763 698 1856 inultm
727 1767 782 1833 Tu*
805 1767 921 1855 ψυχήν
945 1768 1072 1845 ἔχοντα.
1121 1766 1237 1833 Οἶσθα
1259 1759 1319 1831 οὖν
1341 1791 1382 1842 τι,

206 1876 310 1961 ἐ’-ἰγη,
341 1874 429 1956 ῥῆμα
451 1873 567 1964 ψυχήν
593 1876 687 1955 ἔγον;
726 1871 789 1937 Mu*
819 1875 884 1937 Δία
913 1873 975 1937 οὐκ
998 1874 1103 1955 ἔγωγε.
1160 1875 1207 1939 Τι’
1224 1865 1284 1938 οὖν
1307 1863 1383 1959 ἄρτι

229 1971 325 2064 ἤρου,
348 1970 366 2043 ό
391 1983 425 2044 τί
443 2003 497 2061 μοι
520 1989 616 2043 νοοῖ
634 1977 672 2042 τό
698 1975 804 2063 (liuor,

318 2119 419 2208 Resp.
443 2121 508 2185 560
530 2122 573 2186 O:
605 2114 681 2185 οὔτε
703 2120 914 2205 πρέσβεις
943 2123 1244 2208 πρεσβυτέρων
1267 2118 1383 2201 λόγους

228 2221 365 2289 ἰδιωτῶν
388 2227 611 2304 εἰσδέχονται,
635 2229 696 2289 etc.

317 2365 434 2431 Stallb.
458 2365 540 2430 haec
562 2367 611 2430 ita
632 2365 884 2451 interpretatur:
920 2365 1055 2451 „Neque
1083 2385 1251 2430 sermones
1274 2362 1381 2429 homi-

228 2493 309 2536 num
324 2471 541 2559 privatorum,
565 2476 674 2535 aetate
690 2470 947 2557 provectiorum,
971 2469 1029 2556 qui
1045 2476 1218 2555 tamquam
1234 2475 1381 2535 oratores

226 2577 423 2659 mittuntur,
448 2575 662 2640 admittunt.“

313 2714 415 2802 Resp.
439 2714 503 2778 507
527 2714 575 2779 A:
606 2714 794 2796 Βουλοίμην
827 2707 886 2790 όν,
915 2713 1024 2790 εἷπον,
1055 2720 1111 2796 ἐμέ
1141 2739 1176 2780 τε
1205 2713 1380 2781 δύνασθαι

227 2818 329 2897 αότήν
353 2816 534 2884 α’ποὸοῦναι
555 2820 613 2884 καὶ
635 2817 722 2900 υμᾶς
742 2821 974 2901 κομίσασθαι,
1004 2820 1092 2885 cilici
1121 2819 1165 2902 μή
1191 2809 1298 2908 ὥσπερ
1320 2816 1380 2884 νυν

226 2923 303 2999 τοός
324 2921 483 2996 τόκους
503 2921 629 3002 μόνον.
660 2921 776 2988 τοῦτον
805 2926 840 2988 δέ
872 2923 910 2999 δή
942 2915 1001 2990 οὖν
1032 2923 1088 2990 τόν
1112 2925 1241 2992 τόκον
1265 2948 1300 2989 τε
1320 2926 1379 2990 καὶ

227 3033 399 3111 ἔκγονον
423 3024 528 3093 αότοῡ
550 3024 610 3092 τοῦ
633 3027 773 3109 α’γαθοῦ
794 3030 996 3111 κομίσασθε.

318 3167 425 3245 Τόκος
456 3167 625 3255 significat
656 3173 690 3233 et
717 3169 843 3255 prolem
872 3175 906 3233 et
927 3191 1073 3234 usuram.
1126 3170 1202 3235 Hac
1224 3168 1380 3237 vocabuli

226 3274 457 3361 ambiguitate,
483 3272 572 3359 quod
595 3279 629 3337 ct
650 3272 714 3337 hoc
736 3274 810 3338 loco
833 3278 867 3338 et
888 3273 1001 3361 paullo
1024 3273 1111 3339 infra
1132 3275 1277 3362 primum
1300 3296 1379 3340 usu·

225 3402 297 3445 ram
320 3378 489 3466 significat
512 3375 600 3461 (τοός
621 3375 739 3451 τόκους
760 3377 884 3462 μόνον),
908 3377 1028 3443 deinde
1053 3377 1122 3461 (τόν
1145 3377 1242 3445 τόκον
1265 3380 1378 3444 τεκαὶ

226 3485 373 3572 έκγονον)
404 3505 482 3571 oum
504 3485 635 3562 ἔκγονον
658 3484 873 3549 coniunctum
903 3483 1071 3570 significat
1099 3484 1245 3571 prolem,
1279 3483 1379 3549 simul

225 3589 385 3655 alluditur
402 3589 444 3656 ad
459 3589 598 3655 alteram
614 3586 910 3674 significationem
933 3595 1101 3676 postremo
1117 3588 1196 3676 (507
1212 3589 1261 3652 A:
1278 3588 1378 3654 εόλα-

223 3697 347 3780 βεῖσθε
368 3700 487 3778 μέντοι,
509 3691 552 3776 μή
582 3714 624 3775 πῃ
648 3689 840 3773 ἐξαπατήσω
863 3690 951 3774 υμᾶς
981 3685 1086 3768 όκων,
1115 3692 1271 3778 κίβδηλον
1295 3692 1379 3759 dao-

225 3800 334 3874 διδους
356 3801 412 3866 τόν
434 3801 532 3881 λόγον
553 3796 613 3863 τοῦ
636 3795 782 3880 τόκου.)
798 3798 921 3863 iterum
934 3819 1069 3864 usuram
1086 3796 1266 3884 significat,
1289 3797 1373 3863 allu-

224 3904 314 3971 ditur
335 3905 378 3970 ad
399 3906 537 3992 prolem.
583 3901 635 3967 Of.
658 3901 722 3966 Ast
745 3907 778 3967 et
801 3900 919 3967 Stallb.

309 4046 482 4113 Vocabula
504 4044 600 4120 τόκος
629 4050 663 4110 ct
693 4044 824 4126 έκγονος
854 4045 1033 4112 coniuncta
1058 4045 1248 4112 invenimus
1273 4041 1375 4107 ctiam

223 4150 325 4242 Resp.
348 4151 413 4218 556
435 4153 484 4217 A:
513 4152 571 4217 xci
600 4148 804 4239 τοῦπατρὸς
833 4148 1041 4233 ἐκγόνους
1070 4148 1224 4224 τόκους
1246 4148 1371 4214 πολλα-

223 4258 381 4336 πλασίους
401 4255 624 4344 κομιζόμενοι,
648 4263 710 4326 etc.
