3210 4868
720 210 877 326 21...

223 453 417 522 vindicari.“
470 451 635 521 Τελεντᾶν
662 450 752 519 idem
774 452 885 520 valere
908 451 998 539 quod
1031 452 1069 540 „d
1099 448 1193 534 λόγος
1214 444 1372 526 οῖ’χεται,“

225 563 244 630 o‘
274 560 369 645 λόγος
400 558 569 651 ἐννενγειιι
598 562 687 630 idem
711 562 897 630 Stallbaum
929 562 1035 630 docet.
1087 558 1199 628 Verbo
1220 554 1374 624 τιλεντᾶν

223 670 321 738 Plato
336 690 417 735 usus
432 674 493 753 est,
516 674 555 735 ut
576 669 607 736 ei
620 691 787 760 opponere
801 675 914 760 posset
930 666 1204 755 οἶναβιοίσασθαι.
1250 661 1376 744 Quodsi

223 775 370 865 potuerit
391 775 449 842 τὸν
472 772 568 857 λόγον
591 776 874 864 α’ναβιοίοασθαι,
896 774 1074 865 probatum
1097 772 1161 839 erit
1183 771 1310 838 animas
1333 768 1376 836 ad

225 882 332 949 vitam
346 879 511 947 redituras
528 903 610 949 esse.
649 883 761 951 Primo
777 882 867 949 enim
882 881 981 949 huius
997 878 1131 966 dialogi,
1152 900 1218 965 quo
1236 877 1378 967 scriptor

225 986 368 1077 probare
390 992 531 1053 conatur
566 987 694 1056 animas
721 987 893 1056 hominum
926 1009 999 1054 esse
1027 982 1247 1067 immortales,
1279 1005 1377 1069 argu-

226 1097 339 1159 mento
362 1090 613 1160 demonstratur
635 1093 801 1161 contraria
822 1092 919 1181 gigni
942 1115 983 1158 ex
1006 1090 1180 1157 contrariis
1203 1090 1248 1178 (p.
1266 1089 1309 1155 70
1322 1089 1377 1176 Ε),

224 1197 352 1265 maiora
382 1220 423 1264 ox
450 1197 653 1283 minoribus,
685 1198 842 1266 celeriora
871 1221 912 1264 ex
934 1185 1164 1279 tardioribus,¹
1183 1195 1231 1260 ita
1260 1218 1278 1260 e
1305 1195 1378 1262 vita

223 1302 359 1370 transbi
388 1302 432 1369 ad
460 1309 602 1369 mortem
617 1308 668 1385 et
697 1326 738 1370 ex
768 1309 875 1370 morte
906 1302 950 1369 ad
978 1302 1101 1385 vitam:
1137 1322 1217 1388 ergo
1250 1299 1378 1366 animas

228 1430 360 1494 quoque
382 1403 573 1490 hominum,
598 1431 683 1496 quae
705 1415 855 1476 mortuae
878 1409 961 1489 sint,
983 1405 1191 1473 reviviscere.
1237 1404 1293 1470 Ad
1314 1404 1379 1471 hoc

226 1518 462 1600 argumentum
477 1512 590 1580 verbis
606 1511 761 1581 τελενταῗν
778 1520 812 1595 et
828 1511 1096 1599 α’ναβιιίσασθαι
1112 1510 1216 1576 alludi
1231 1515 1377 1598 apparet.

312 1642 416 1730 Gorg.
440 1644 504 1709 501
521 1646 572 1712 A:
596 1645 616 1724 ἡ
641 1647 766 1730 δ’ίτίροι
789 1640 990 1723 succidenda
1013 1631 1193 1728 securiori
1216 1643 1381 1729 θεραπεία

228 1746 314 1834 αὐτῇ
337 1755 423 1815 ἐστιν
448 1739 580 1826 ἅπασα,
610 1749 730 1835 κομιδῇ
753 1752 902 1829 α’τέχνως
924 1749 970 1815 ἐπ’
1001 1746 1103 1826 αίτὴν
1127 1749 1274 1832 ἔρχεται,
1305 1738 1381 1811 οὔτε

225 1879 256 1921 τι
278 1851 337 1932 τήν
353 1851 455 1942 φύσιν
480 1860 675 1943 σκεψαμένη
691 1852 747 1934 τῆς
768 1851 885 1934 ἡδονῆς
906 1847 982 1921 οὔτε
1003 1853 1061 1931 τήν
1077 1858 1196 1928 αἰτίαν,
1219 1849 1381 1932 didyme

227 1985 263 2026 τε
284 1956 511 2035 παντάπασιν,
534 1959 578 2034 cis·
600 1962 674 2036 ἔπος
696 1967 811 2054 είπεῖν,1
832 1961 927 2026 οὐδὲν
951 1961 1253 2044 διαριθμησαμίνη,
1275 1963 1336 2022 etc.

313 2091 365 2156 De
389 2087 517 2173 α’λόμως
547 2090 629 2158 dicit
658 2091 798 2158 stallo:
829 2091 935 2158 Ludit
965 2095 1077 2158 autem
1105 2090 1141 2155 in
1163 2088 1382 2175 ambiguitate
1434 2174 1436 2178 7

227 2194 384 2262 vocabuli
405 2193 542 2277 α’λόγως,
565 2196 655 2283 quod
679 2205 713 2264 et
734 2194 776 2263 de
793 2195 1016 2286 computando
1040 2202 1074 2263 et
1096 2195 1137 2261 de
1153 2191 1381 2261 ratiocinando

228 2306 262 2367 et
284 2298 464 2385 cogitando
485 2301 597 2390 potuit
618 2301 798 2389 intellegi.“

313 2430 431 2515 Νόμος
452 2453 529 2498 cnm
560 2432 606 2498 sit
636 2438 670 2499 et
700 2433 755 2500 lex
787 2439 820 2500 et
850 2439 966 2500 cantus
990 2432 1060 2498 sive
1082 2431 1202 2498 modus
1223 2431 1380 2515 musicus,

226 2543 260 2602 et
281 2541 451 2621 προοίμιον
473 2556 549 2602 cum
570 2536 759 2624 ingressum
781 2545 816 2604 et
838 2537 999 2604 orationis
1021 2536 1076 2602 vel
1106 2536 1186 2602 libri
1214 2535 1268 2602 vel
1298 2536 1382 2623 logis

230 2640 417 2728 idemque
408 2662 597 2728 ingressum
628 2642 720 2709 modi
749 2643 869 2709 musici
898 2641 1081 2726 significet,
1051 2643 1176 2708 thau
1204 2641 1384 2708 verborum

231 2745 451 2833 ambiguitate
472 2743 602 2812 luditur
623 2747 724 2836 Resp.
758 2749 820 2814 531
849 2748 898 2813 D:
928 2770 948 2842 ν
979 2746 1041 2811 ονίι
1064 2751 1174 2828 ἴσμεν,
1202 2737 1253 2812 ὅτι
1275 2769 1383 2812 παντα

231 2872 340 2917 ταντα
362 2847 571 2976 προοίμια
594 2856 681 2916 ἐστιν
704 2849 809 2919 adrev
839 2849 899 2916 τοῦ
926 2837 1071 2932 νόμον,
1102 2840 1139 2915 ὃν
1167 2852 1219 2915 δεῖ
1237 2853 1381 2932 μαθεῖν,·

227 2961 261 3020 et
280 2953 367 3021 'lim
390 2955 434 3020 29
450 2954 501 3054 D:
524 2952 565 3020 τό
586 2956 645 3036 με’-ν
668 2947 727 3021 ονν
750 2961 974 3043 προοίμιον
1000 2958 1200 3036 θαυμασίως
1223 2955 1381 3046 α’πεὸεξιί-

226 3060 339 3140 μεθα,
361 3057 417 3124 τόν
431 3036 476 3122 do*
499 3057 538 3135 δή
559 3056 689 3140 νόμον
711 3059 787 3142 ἡμῖν
810 3058 926 3148 ἐφεξῆς
946 3067 1085 3148 πέραινε.
1131 3060 1181 3125 of.
1205 3060 1323 3126 Stallb.

314 3187 514 3255 Similiter
504 3211 539 3254 111
562 3191 666 3256 verbo
689 3189 968 3277 προοιμιάζεσθαι
990 3189 1118 3256 luditur
1138 3190 1221 3277 Leg.
1246 3191 1309 3256 723
1331 3192 1380 3256 D:

230 3295 279 3360 ἐπὶ
302 3293 338 3358 δὲ
360 3291 419 3358 τόν
443 3291 540 3374 λόγον
565 3297 798 3376 ἐπανέλθωμεν
821 3297 878 3360 καὶ
902 3292 955 3360 α’π’
979 3298 1108 3359 ίκεινων
1131 3293 1331 3408 α’ρχωμεθα,
1354 3299 1386 3360 εἴ

228 3423 280 3466 σοι
303 3399 418 3487 (falco,
441 3387 486 3462 ὧν
509 3419 574 3474 ονχ
596 3396 640 3472 οἱς
662 3397 950 3485 προοιμιαζόμενος
972 3396 1055 3473 εἶπες
1078 3397 1159 3463 τότε.

312 3519 407 3585 Haeo
429 3525 508 3585 sunt
510 3541 627 3605 ,quae
647 3520 757 3609 priore
772 3526 901 3610 portet
902 3521 1065 3587 iactanda
1080 3543 1152 3586 esse
1168 3520 1380 3599 videbantur.
