3210 4868
692 204 847 310 Α

197 435 370 520 „Alterum
401 460 509 523 genus
540 444 606 520 est,
646 436 735 522 quod
766 436 868 502 habet
898 459 1035 524 parvam
1064 435 1158 500 verbi
1188 441 1345 499 immuta-

194 543 337 622 tionem,
368 542 457 628 quod
494 543 529 606 in
565 541 678 606 littera
712 541 860 628 positum
891 541 1011 606 Graeci
1047 547 1170 607 vocant
1199 563 1344 628 παρονο-
1433 573 1436 578 ·

193 649 356 730 μασὶαα;“
390 647 481 713 Orat.
513 671 584 734 cap.
616 648 676 730 25,
714 646 774 710 84;
809 646 1060 731 „immutatione
1092 648 1222 712 litterae
1252 646 1347 729 quasi

196 751 367 837 quaesitae
399 753 646 834 venustates;“⁴
673 749 754 815 ibid.
790 772 861 838 cap.
891 751 952 834 39,
994 753 1073 814 135:
1116 774 1211 836 „cum
1244 750 1347 827 verba

194 855 314 921 leviter
337 863 543 923 commutata
564 861 744 944 ponuntur.
791 855 904 932 Quint.
927 855 985 920 lib.
1008 856 1081 937 lX,
1106 857 1136 938 3,
1160 856 1221 920 66:
1249 855 1346 940 „Ter-

195 962 278 1025 tium
318 969 369 1025 est
399 967 507 1046 genus
537 960 737 1046 figurarum,
778 959 867 1046 quod
898 967 956 1024 aut
987 961 1204 1027 similitudine
1235 961 1347 1046 aliqua

195 1085 315 1128 vocum
348 1071 406 1129 aut
435 1063 571 1153 paribus
610 1070 668 1130 aut
698 1065 872 1130 contrariis
902 1065 1068 1129 convertit
1106 1067 1142 1130 in
1173 1088 1208 1130 se
1239 1087 1345 1131 aures.
1462 1127 1464 1132 ,

195 1168 285 1232 Hinc
308 1175 359 1233 est
386 1172 633 1255 παρονομασία,
664 1191 748 1254 quae
778 1169 900 1233 dicitur
924 1169 1182 1235 annominatio.“
1230 1170 1346 1234 Ἀντα-

194 1269 355 1346 crutam
375 1272 549 1339 abeodem
567 1274 740 1338 definitur:
766 1273 934 1358 „eiusdem
949 1273 1042 1338 verbi
1060 1274 1227 1339 contraria
1243 1274 1347 1358 signi-

193 1374 334 1440 ficati0.“
382 1376 469 1460 (Lib.
493 1378 556 1461 IX,
580 1379 610 1460 3,
635 1379 700 1461 68.)
746 1380 861 1443 Cicero
885 1377 1131 1444 devoratricem
1155 1385 1254 1443 vocat
1276 1400 1345 1441 am-

195 1479 344 1566 biguum.
392 1481 455 1563 (De
472 1480 563 1547 Orat.
584 1482 643 1565 lib.
660 1483 705 1565 ΙΙ,
729 1505 799 1570 cap.
817 1483 869 1566 61,
893 1484 967 1566 250,
993 1506 1063 1570 cap.
1082 1485 1134 1567 62,
1157 1485 1221 1548 253
1239 1485 1346 1567 sequ.)

280 1611 393 1676 Facile
417 1618 468 1678 est
489 1614 663 1679 intellectu
684 1621 814 1680 veteres
847 1616 948 1681 etiam
970 1616 1063 1680 lusus
1086 1614 1248 1700 quosdam
1272 1616 1347 1679 soni

199 1717 453 1805 „(lllongmlte¹¹),
479 1718 602 1803 quibus
625 1719 708 1783 nihil
731 1720 820 1784 inest
836 1721 985 1805 ambigui
1008 1721 1062 1785 vel
1085 1720 1195 1802 faceti,
1222 1721 1347 1805 quique

194 1826 326 1887 tantum
349 1822 567 1888 similitudine
591 1823 734 1908 quadam
757 1825 996 1890 vocabulorum
1020 1847 1115 1899 aures
1149 1827 1185 1889 in
1208 1847 1243 1889 se
1267 1847 1347 1889 con-

194 1932 347 2010 vertunt,
386 1927 420 1992 in
455 1929 782 1994 annominationibus
815 1931 975 2018 posuisse.
1037 1929 1111 1993 Hoc
1151 1931 1347 1995 annomina-

196 2031 324 2095 tionum
355 2054 463 2117 genus
495 2033 600 2118 igitur
631 2033 824 2100 definitione
853 2041 969 2099 nostra
999 2034 1243 2101 excludendum
1276 2059 1347 2100 esse

94 2211 99 2218 ¹
196 2135 383 2201 videbatur.
428 2137 615 2202 Definimus
649 2146 760 2203 autem
790 2140 901 2204 lusum
934 2139 1113 2205 verborum
1143 2141 1204 2204 sic:
1236 2141 1347 2205 Lusus

195 2240 372 2306 verborum
399 2249 450 2306 est
479 2243 514 2306 id
538 2266 645 2329 genus
668 2242 774 2308 facete
798 2243 980 2326 dictorum,
1012 2245 1101 2329 quod
1125 2244 1268 2309 efficitur
1290 2252 1348 2309 aut

199 2346 299 2412 unius
322 2345 416 2412 verbi
439 2347 658 2432 ambiguitate
689 2355 747 2414 aut
775 2349 993 2436 complurium
1017 2350 1195 2415 verborum
1216 2352 1348 2439 parium

195 2459 253 2518 aut
276 2452 433 2517 similium
457 2453 676 2540 ambiguitate
709 2461 767 2519 aut
790 2454 899 2519 faceta
923 2454 1066 2539 quadam
1091 2446 1275 2521 sententiae
1299 2455 1347 2520 di-

194 2558 362 2623 versitate.

282 2691 349 2755 Eas
383 2691 686 2773 annominationes,
724 2713 807 2776 quae
836 2713 905 2773 non
935 2691 1028 2756 lusus
1060 2691 1252 2774 verborum,
1289 2692 1348 2757 sed

196 2794 288 2859 lusus
312 2796 386 2860 soni
410 2796 623 2860 existimandi
654 2804 751 2879 sunt,
782 2819 825 2861 ne
855 2797 990 2861 omnino
1012 2797 1275 2884 praetermisisse
1297 2799 1347 2863 vi-

197 2901 292 2982 dear,
316 2900 350 2964 in
375 2900 559 2988 appendice
582 2901 680 2989 posui
703 2902 796 2986 illas,
821 2901 1010 2986 quaemihi
1034 2903 1348 2968 commemoratione

197 3004 318 3089 dignae
342 3028 414 3069 esse
438 3005 647 3071 videbantur.

283 3136 470 3202 Verborum
492 3139 586 3202 lusus
617 3138 651 3201 in
684 3137 766 3201 duas
790 3136 889 3202 divisi
911 3143 1041 3225 partem,
1075 3159 1214 3222 quarum
1243 3138 1348 3203 altera

196 3249 375 3306 tractarem
407 3264 480 3324 ecs,
513 3243 570 3326 qui
593 3242 801 3327 singulorum
823 3242 1001 3306 verborum
1025 3242 1244 3328 ambiguitate
1270 3265 1346 3307 ecn-

196 3352 303 3429 stant‚
328 3348 431 3410 altera
454 3369 526 3429 ecs,
551 3347 607 3431 qui
631 3346 823 3410 efficiuntur
845 3347 1066 3435 complurium
1088 3347 1266 3413 verborum
1289 3370 1346 3436 pa-

196 3453 280 3515 rium
305 3459 363 3515 aut·
379 3451 538 3515 similium
557 3450 775 3537 ambiguitate
799 3459 856 3516 aut
878 3450 986 3516 faceta
1002 3452 1145 3537 quadam
1163 3454 1347 3518 sententiae

195 3555 396 3621 diversitate.

283 3687 421 3751 Exclusi
443 3687 506 3752 hac
529 3687 724 3772 quaestione
752 3709 807 3752 eos
832 3694 963 3753 tantum
985 3688 1155 3773 dialogm,
1188 3689 1245 3774 qui
1276 3710 1345 3753 om-

195 3790 295 3855 nibus
310 3791 379 3856 fere
397 3792 502 3856 doctis
518 3794 623 3879 spurii
642 3794 683 3875 tsi
700 3792 763 3857 hoc
788 3792 889 3857 verbo
912 3793 961 3858 uti
978 3793 1070 3878 licet)
1087 3815 1164 3864 ¹esse
1179 3793 1344 3876 videntur,

196 3904 229 3959 et
251 3896 353 3960 malui
384 3896 485 3962 falsos
517 3907 550 3961 et
572 3896 817 3982 quodammodo
842 3896 994 3962 subditos
1018 3896 1180 3982 quosdam
1203 3905 1346 3965 tractare

197 4021 296 4084 quam
327 4023 424 4066 veros
457 4024 496 4067 ac
527 4023 702 4087 germanos
734 4003 1007 4089 praetermittere.
1056 4001 1143 4067 Sunt
1165 4010 1277 4069 autem
1300 4004 1344 4087 hi,

197 4126 280 4188 quos
304 4107 463 4171 tractavi:
495 4106 700 4189 Charmides,
722 4106 862 4187 Laches,
885 4107 995 4192 Lysis,
1019 4108 1231 4196 Eythyphm,
1254 4108 1346 4196 Apo·

206 4208 307 4300 logia,
333 4210 434 4295 Crito,
458 4210 651 4281 Alcibiades
675 4212 691 4280 I
715 4218 748 4276 et
763 4211 807 4298 ΙΙ,
830 4212 879 4296 Ιο,
902 4212 1045 4305 Hippias
1067 4215 1181 4300 maior,
1205 4215 1348 4306 Hippias
