3210 4868
781 251 831 322 27*
940 354 943 364 Ι

323 481 364 546 In
386 479 453 545 fine
475 501 638 568 ponemus
660 479 755 544 illum
772 479 927 544 Oonvivii
950 462 1070 562 locum,
1094 477 1153 544 ubi
1174 479 1271 544 Plato
1293 479 1390 567 Aga-

225 585 385 668 thonem‚
423 606 522 670 quem
554 583 738 670 quaesitam
767 583 861 648 illam
891 583 1151 671 conoinpitatem
1187 591 1222 648 et
1248 583 1387 653 inanem

230 688 409 755 verborum
431 689 586 770 sonitum,
615 688 710 753 euius
733 685 867 752 dicendi
888 680 1035 773 generis*
1043 687 1281 773 gravissimum
1304 709 1383 754 aue·

221 800 337 860 ‘torem
355 791 517 878 Gorgiam
537 790 741 857 Leontinum
764 791 930 856 exstitisse
953 776 1093 875 constat,
1117 792 1285 857 imitatum
1309 813 1384 857 esse

230 896 393 962 traditum
416 902 485 979 est,
508 895 667 961 Amorem
687 895 741 960 his
762 893 874 961 verbis
896 893 1143 960 collaudantem
1164 895 1264 960 facit:

319 1019 423 1084 Oonv.
449 1018 511 1083 197
533 1017 584 1082 D:
615 1008 711 1088 οὗτος
740 1017 775 1081 δὲ
803 1013 889 1098 η’μᾶς
918 1014 1168 1100 ἀλλοτριότητος
1194 1019 1253 1096 μὲν
1283 1023 1384 1093 κενοῖ,

229 1122 426 1200 οἰκειότητος
462 1122 497 1186 δὲ
527 1125 659 1209 πληροῖ,
688 1121 749 1196 τός
780 1117 912 1186 τοιόσδε
943 1121 1101 1202 ξυνόδους
1132 1121 1202 1203 μετ’
1234 1121 1383 1198 α’λλήλων

220 1227 339 1301 ’πόσας
367 1229 475 1300 τιθεὶς
502 1226 663 1307 ξυνιέναι,
695 1232 727 1290 ὲν
758 1233 904 1311 ἑορταῖς,
937 1231 970 1288 ἐν
1002 1237 1133 1311 χοροῖς,
1172 1233 1205 1290 ἐν
1245 1228 1386 1299 θυσίαις

220 1330 415 1414 ,γιγνόμενος
444 1329 591 1412 ἡγεμών·
621 1333 789 1418 πρᾳότητα
818 1332 877 1410 μὲν
907 1334 1106 1413 πορίζων,
1135 1327 1320 1418 ,ἀγριότητα
1355 1331 1383 1393 δ’

230 1435 463 1522 ἐξορίζων·
494 1433 732 1522 φιλόδωρος
761 1434 999 1515 εὐμενείας,
1030 1429 1198 1519 ἅδωρος
1229 1434 1382 1514 δυσμε-

227 1546 374 1612 νείας·
413 1538 505 1612 ἵλεως
542 1539 705 1619 α’γαίδοῐς,
744 1537 870 1612 θοατός
906 1549 1039 1624 σοφοῖς,
1077 1539 1222 1621 α’νοιστός
1254 1544 1382 1616 θεοῖς·

229 1643 369 1726 ζηλωτός
390 1644 601 1730 αμοίροις,
622 1644 739 1721 κτητός
761 1644 1001 1726 εόμοίροις·
1025 1643 1224 1731 ἁβρότητος,
1260 1643 1385 1724 χλιδῆς,

229 1755 394 1836 χαρίτων,
433 1751 546 1834 ἱμέρου
586 1748 728 1836 πατήρ·
775 1746 972 1828 ἐπιμελής
1010 1745 1173 1827 αἠαδων,
1219 1751 1384 1832 οὶμελης

218 1851 374 1920 κακῶν·
409 1859 471 1916 etc.

240 2010 241 2013 ¹
318 1975 382 2039 Illa
412 1973 600 2060 Agathonis
631 1974 799 2057 oratione,
841 1995 927 2058 quae
957 1972 1047 2038 huno
1079 1973 1191 2040 locum
1223 1975 1383 2060 eontinet,

228 2080 326 2146 Plato
355 2077 439 2143 fflud
468 2077 687 2166 sophisticum
717 2077 850 2143 dicendi
888 2100 995 2164 genus
1025 2078 1176 2145 imitatus
1207 2087 1275 2164 est,
1315 2101 1384 2146 non

228 2206 326 2250 suum
356 2183 528 2270 expressit.
581 2183 664 2247 Erat
695 2182 782 2247 enim
812 2188 1020 2268 contemptor
1051 2184 1174 2250 tumidi
1206 2193 1241 2251 et
1269 2186 1382 2251 inanis

231 2288 412 2354 verborum
451 2287 626 2375 strepitus,
671 2286 801 2353 modico
841 2286 1000 2351 orationis
1038 2294 1158 2353 ornatu
1192 2295 1381 2372 contentus,

216 2414 329 2479 --quam
349 2392 509 2459 virtutem
530 2392 692 2480 imprimis
708 2391 897 2456 Atticorum
919 2391 1088 2478 propriam
1109 2393 1213 2459 fuisse
1236 2400 1381 2460 constat.
