3210 4868
844 234 886 316 18

291 471 390 542 nibus
423 471 551 541 civibus
581 495 678 562 pares
709 474 800 560 leges
832 473 900 538 sint
926 479 960 538 et
981 493 1042 560 par
1063 471 1116 537 ius
1138 470 1311 539 honorum.
1358 467 1444 536 Oum

291 585 403 645 autem
432 580 461 644 is
491 581 563 663 vir,
596 579 653 664 qui
685 578 903 664 eligarehiam
934 578 969 642 in
1001 577 1236 642 democratiam
1266 577 1441 659 convertit,

291 683 445 751 omnibus
468 683 729 772 cupiditatibus,
752 689 790 748 ut
813 704 914 770 supra
938 681 1064 746 dietum
1087 685 1155 762 est,
1189 681 1311 766 pariter
1332 680 1443 746 indul-

289 787 437 872 geat(of.
455 788 582 852 56113:
605 793 649 862 εἰς
673 792 745 853 ἴσον
769 785 807 864 δή
830 811 860 850 τι
876 783 1088 863 καταστήσας
1110 784 1172 858 τοὶς
1193 784 1315 862 ridearis
1331 785 1443 868 ὃιαχει,

291 899 353 956 ete.
378 898 429 956 et:
452 892 607 973 οὐδεμίαν
631 890 816 973 α’τηιόζων,
840 890 910 955 αλλ’
934 890 968 970 ἐξ
992 895 1067 955 ἴσον
1090 891 1250 975 τρόπον),
1281 890 1353 954 fieri
1376 914 1443 956 non

289 1001 411 1082 potest,
428 997 509 1081 quin
528 1003 654 1061 attente
670 996 853 1082 legentium
865 995 968 1059 animi
984 994 1027 1059 ad
1042 992 1304 1058 recordationem
1318 1017 1441 1079 eorum,

290 1121 375 1184 quae
398 1100 509 1187 paullo
534 1122 634 1188 supra
657 1100 747 1165 dieta
770 1105 863 1182 sunt,
894 1099 1098 1181 excitentur,
1132 1103 1165 1160 et
1188 1097 1234 1161 eis
1258 1103 1443 1182 ιὀονομικός

288 1225 356 1269 non
379 1205 486 1270 solum
509 1205 609 1270 homo
628 1203 819 1293 popularis,
843 1202 902 1267 sed
924 1202 1013 1267 idem
1035 1203 1064 1267 is
1089 1223 1160 1266 esse
1182 1201 1354 1287 videatur,
1384 1208 1442 1290 qui

216 1319 218 1322 ’
289 1307 444 1373 omnibus
468 1309 708 1397 cupiditatibus
730 1308 825 1396 paria
847 1307 975 1373 tribuat
997 1309 1070 1394 (ἴσα
1092 1306 1203 1393 νέμει).

374 1429 510 1495 Theaet.
537 1430 598 1494 165
621 1431 671 1494 D:
705 1425 851 1509 ε’λλοχῶν
884 1423 924 1495 όν
948 1412 1160 1504 πελταστινιός
1183 1429 1263 1508 α’νης
1283 1435 1440 1513 μισθο-

288 1533 421 1621 φόρος
444 1541 477 1598 ἐν
501 1533 609 1616 λόχοις
631 1534 781 1621 ἐρόμενος
804 1541 864 1599 eto.

375 1656 449 1720 Ηοο
482 1655 556 1722 loeo
587 1655 756 1742 sophistae
785 1656 908 1720 milites
939 1655 1024 1720 levis
1054 1661 1242 1721 armaturae
1273 1657 1440 1743 dicuntur,

288 1760 347 1844 qui
368 1759 434 1825 illis
459 1760 667 1849 temporibus
690 1759 1140 1842 mereade'oonducebantur,
1165 1781 1240 1824 oum
1265 1761 1354 1826 oives
1376 1763 1442 1850 ipsi

288 1864 410 1929 milites
438 1865 551 1950 gravis
579 1870 765 1930 armaturae
794 1863 961 1952 stipendia
989 1863 1098 1928 facere
1132 1863 1285 1930 solerent.
1332 1867 1440 1931 Voca-

286 1968 366 2034 bulo
403 1967 617 2056 μιοιλοᾳόρος
649 1968 868 2057 philosophus
905 1991 972 2033 non
1011 1974 1143 2033 tantum
1183 1972 1440 2057 comparationis

288 2058 389 2137 eausa
411 2095 492 2137 usus
517 2094 589 2136 esse
611 2072 756 2156 videtur,
780 2072 839 2136 sed
861 2079 900 2137 ut
921 2073 1145 2160 sophistarum
1163 2076 1439 2142 consuetudinem

287 2183 462 2262 quaestum
493 2199 533 2240 ex
563 2175 776 2264 philosophia
807 2176 942 2264 petendi
971 2176 1184 2264 vituperaret.
1239 2178 1289 2245 Of.
1321 2180 1439 2247 Stallb.

287 2289 322 2347 et
343 2280 517 2349 Wohlrab.

372 2401 475 2491 Soph.
500 2402 565 2466 254
586 2402 619 2466 A
642 2401 810 2490 sophistae
832 2403 1013 2481 χαλεπότης
1035 2403 1208 2469 tribuitur:
1240 2409 1352 2493 ἑτέρον
1374 2405 1438 2487 μὴν

287 2507 408 2595 τρόπον
432 2498 452 2585 η’
475 2530 509 2571 τε
532 2502 591 2571 τοῦ
614 2505 777 2594 σοφιστοῦ
799 2507 1038 2586 χαλεπότης
1059 2499 1079 2586 ἥ
1101 2533 1135 2574 τε
1157 2508 1286 2578 τούτου.

371 2631 449 2697 Non
482 2628 589 2694 solum
611 2627 845 2694 difficultatem
875 2630 929 2695 hie
958 2631 1099 2697 verbum
1129 2631 1313 2709 χαλεπότης
1335 2634 1439 2720 signi·

284 2736 386 2804 fieare
418 2755 553 2815 censeo,
596 2732 655 2799 sed
690 2755 764 2798 eum
793 2757 853 2822 per
881 2741 989 2800 totum
1019 2735 1191 2821 dialogum
1221 2759 1300 2803 sane
1331 2737 1439 2804 facete

196 2827 199 2833 ⁵
286 2841 455 2930 sophistae
477 2838 638 2904 illudatur
661 2839 783 2920 (235‘A
807 2837 876 2926 θήρ
899 2846 1046 2923 vocatur,
1070 2840 1177 2905 2400
1200 2843 1438 2929 antoniaster,

284 2949 347 3013 261
379 2948 411 3011 A
442 2940 672 3028 όνοθήηεντον
706 2942 744 3007 τό
774 2947 876 3026 γένος)
906 2945 1002 3031 eique
1031 2945 1160 3009 crimini
1192 2945 1306 3029 detur,
1348 2947 1438 3033 quod

286 3052 435 3139 maligne
459 3047 554 3134 quasi
576 3047 686 3112 lueem
708 3045 819 3133 fugiat
835 3032 875 3113 'et
896 3048 1124 3114 remotissimis
1146 3049 1228 3114 locis
1252 3049 1435 3135 deliteseat,

285 3154 493 3237 χαλεπότητα
529 3151 684 3237 ambigue
721 3157 755 3216 et
793 3150 1023 3219 difficultatem
1063 3160 1096 3218 et
1126 3154 1438 3240 tergiversationem

285 3261 454 3349 quandam
470 3263 569 3341 atque
587 3256 758 3339 malitiam,
782 3277 848 3341 qua
863 3256 1012 3344 sophista
1027 3279 1141 3322 omnes
1158 3267 1296 3325 conatus
1314 3283 1437 3345 eorum,

286 3368 344 3454 qui
367 3387 444 3430 eum
467 3384 584 3450 capere
610 3359 750 3443 volunt,
781 3360 831 3425 dis
833 3361 967 3426 turbare
999 3369 1033 3427 et
1062 3360 1106 3426 ad
1134 3363 1206 3427 irrit
1193 3368 1265 3429 tum
1287 3365 1437 3453 redigere

284 3493 365 3538 eone
368 3478 438 3553 tur,
462 3467 650 3554 significare
673 3465 834 3530 existimo,

370 3590 494 3658 Similit
480 3595 530 3654 ter
558 3584 762 3674 improbitati
793 3586 962 3673 sophistae
992 3588 1102 3655 illudit
1088 3597 1143 3655 tur
1166 3589 1268 3677 Soph.
1293 3591 1356 3655 ‘261
1382 3592 1436 3657 A:

280 3681 469 3769 κατιδόντες
493 3694 528 3757 δὲ
551 3683 773 3814 torpedine
755 3715 791 3755 ον
816 3692 1043 3774 α’ποόείξωμεν,
1066 3694 1296 3775 αποόείξαντες
1319 3699 1355 3760 δὲ
1377 3695 1435 3762 τόν

282 3825 441 3890 σοαιοτην
473 3807 519 3874 εἰς
550 3795 632 3863 αότό
665 3792 862 3876 ε’νόήοοηιεν,
892 3800 980 3885 εἰπερ
1011 3798 1158 3876 ὲνοχός
1190 3806 1293 3876 ἐστιν,
1330 3795 1348 3878 ἢ
1378 3804 1436 3867 καὶ

281 3906 541 3978 α’πολόοαντες
527 3927 560 3967 εν
584 3893 673 3979 ἄλλον
695 3902 779 3979 χενει
803 3901 954 3983 ζητῶμεν

366 4029 441 4094 Ηοο
469 4028 542 4093 loeo
576 4030 691 4104 ἔνοχος
720 4022 791 4107 (sol.
827 4025 871 4110 τῷ
903 4025 1032 4114 apsida)
1056 4028 1207 4094 similiter
1235 4027 1374 4116 ponitur
1396 4047 1434 4090 ae

279 4135 416 4201 Theaet.
441 4134 505 4198 148
529 4133 557 4196 Β
581 4137 698 4214 ἔνοχος
728 4146 797 4208 τοῖς
819 4137 1127 4226 ψενὸοηιαρτνηιοις.
1171 4134 1266 4201 Haeo
1289 4130 1433 4198 imitatio

279 4239 372 4311 vocis
395 4261 436 4307 ex
457 4238 604 4308 iudiciali
634 4264 757 4332 genere
786 4242 919 4308 dicendi
952 4247 1104 4332 sumptae
1135 4239 1231 4308 lusus
1253 4234 1337 4307 mihi
1361 4255 1445 4330 esse.
