3210 4868
781 219 824 290 10

727 312 882 324 ..—-t-—---

223 447 318 519 maine
337 448 510 532 aeficium
533 449 585 517 bea
608 450 715 537 {Bibra
739 450 787 518 ola
810 449 892 518 elaea
916 449 1079 535 lpielenben
1095 449 1259 534 aanor),
1283 450 1380 516 nulla

226 560 277 618 est
300 575 418 636 causa,
451 575 509 617 our
541 577 609 619 non
632 577 773 640 sequens
797 554 1066 620 doctissimorum
1088 554 1235 620 virorum
1265 562 1379 621 auoto-

228 658 362 723 ritatem
384 657 537 723 Fischeri
563 658 757 724 definitione
780 666 959 725 contentus
982 660 1054 724 sim.

326 781 390 845 His
415 780 574 846 absolutis
603 788 724 863 restat,
757 788 795 846 ut
824 782 1021 846 definiamus
1051 782 1162 846 lusum
1193 782 1376 847 verborum

225 885 314 970 quod
336 886 530 972 priusquam
561 886 814 971 aggrediamur,
846 887 943 951 nobis
975 886 1132 952 audiendi
1158 894 1236 951 sunt
1259 887 1375 953 Cicero

225 996 259 1054 et
281 989 523 1072 QuintilianuS‚
555 990 744 1074 gravissimi
774 991 892 1071 harum
914 1013 1024 1056 rerum
1047 996 1199 1056 auctores
1222 998 1255 1057 at
1277 1017 1373 1082 praa·

225 1100 384 1181 captores,
431 1094 706 1182 Complectuntur
728 1103 838 1161 autern
861 1096 953 1160 lusus
976 1094 1171 1178 verborum,
1203 1119 1286 1181 quos
1317 1121 1376 1164 vo·

225 1221 355 1283 camus,
387 1222 459 1264 earn
488 1200 649 1286 figuram,
682 1222 782 1285 quam
812 1207 942 1265 veteres
973 1200 1219 1267 αἀτααάαλασια
1242 1210 1376 1287 vocant,

225 1311 259 1368 et
280 1310 407 1390 partem
432 1305 520 1388 eius,
553 1326 637 1389 quae
659 1310 891 1391 παρονομασία
914 1306 986 1370 sive
1009 1306 1237 1372 annominatio
1261 1309 1372 1395 appel-

224 1409 330 1490 latur;
356 1429 433 1473 nam
457 1431 524 1473 non
548 1431 662 1474 omnes
686 1411 974 1476 annominationes
998 1411 1033 1474 in
1055 1411 1187 1477 lusibus
1203 1414 1380 1480 verborum

225 1514 449 1580 numerandas
473 1535 545 1579 esse
568 1536 627 1579 suo
651 1513 724 1579 loco
748 1536 921 1600 exponam.

311 1635 413 1701 Haud
447 1659 520 1701 esse
542 1635 639 1702 facile
661 1637 787 1722 figuras
811 1644 844 1702 et
868 1639 1015 1726 atrapis
1039 1647 1073 1704 et
1094 1640 1182 1704 inter
1205 1662 1241 1705 aa
1263 1639 1381 1705 distin-

226 1762 328 1826 guere
358 1741 541 1806 rectissime
574 1741 656 1806 dicit
678 1742 870 1806 Volkmann
893 1742 1052 1830 (ffibelorii
1079 1744 1130 1812 bet
1154 1744 1296 1826 &rieden
1319 1745 1379 1815 aab

225 1846 339 1915 ditmar
375 1867 451 1933 pag.
482 1846 576 1930 456);
613 1847 714 1934 „gine
747 1847 818 1932 (sol.
858 1848 1120 1935 „berssiqurew
1150 1849 1297 1935 tentilatio
1320 1850 1379 1920 θα

231 1950 385 2036 buntiana
409 1952 444 2035 ill
467 1951 522 2019 init
545 1953 680 2034 munden
704 1951 962 2038 &dmirriqteiten
985 1953 1132 2038 beboltet,
1155 1954 1202 2023 ein
1226 1953 1380 2034 bullont,

230 2055 284 2138 oui
305 2056 427 2139 meldica
451 2056 562 2124 berella
588 2056 723 2126 {tainu
748 2057 819 2138 IX,
855 2058 872 2120 1
896 2057 956 2126 aab
980 2057 1148 2142 diagonia
1171 2079 1202 2146 p.
1228 2058 1248 2122 9
1272 2058 1380 2143 getan

236 2159 308 2229 rent
332 2159 523 2246 tiroeinium
546 2161 668 2244 tabem

317 2281 468 2347 Eandem
506 2281 740 2348 difficultatem
770 2282 868 2347 nobis
899 2284 934 2347 in
964 2282 1157 2348 definitione
1188 2282 1380 2349 annomina-

228 2385 329 2451 tionis
363 2409 536 2452 occurrere
559 2386 704 2453 affirmat
726 2387 905 2454 Woelfflin
937 2387 1006 2474 (bot
1030 2387 1191 2472 lbortlpiel
1220 2389 1261 2457 lm
1284 2387 1381 2458 aaut

232 2491 351 2575 mitten.
399 2491 666 2579 &purgabantur
686 2494 749 2560 ber
772 2492 842 2577 thl.
874 2493 973 2578 bana.
998 2491 1152 2560 dictante
1184 2492 1234 2561 ber
1256 2492 1381 2579 {Bibere

230 2595 372 2680 idolica,
402 2597 699 2685 8obrqon31887,
729 2598 773 2662 ΙΙ.
799 2596 906 2679 boob,
935 2618 1012 2684 pag.
1036 2597 1132 2680 208):
1160 2597 1239 2679 „Die
1262 2597 1381 2682 belini

229 2701 331 2769 brnen
356 2701 406 2769 ber
428 2701 620 2787 rbetotildun
643 2701 843 2788 Bebrbticber,
880 2703 935 2770 na
957 2702 1125 2787 therboupt
1146 2701 1192 2770 bie
1215 2702 1295 2772 alten
1319 2703 1380 2772 bo

228 2804 386 2888 finitiones
429 2806 478 2873 tet
509 2806 654 2893 {rupem
686 2806 747 2875 unt
777 2806 1008 2893 ffiqurenlebre,
1041 2806 1132 2889 tollen
1164 2826 1200 2892 311
1231 2807 1380 2892 mbnlcben

153 2916 155 2920 ’
228 2910 333 2995 iibriq,
366 2911 434 2992 autb
458 2924 544 2979 werin
568 2932 637 2980 mon
660 2912 761 2995 ualere
784 2911 1001 2997 brqfinpungen
1025 2910 1100 2995 nicht
1122 2911 1287 2991 onnimnt.
1317 2911 1378 2979 unt

229 3014 275 3082 tie
300 3015 431 3101 {placen
454 3015 607 3097 aterna
632 3016 753 3099 meliten
777 3016 896 3098 bialluel)
920 3029 978 3084 non
1003 3015 1057 3083 ten
1080 3015 1218 3098 traherer
1242 3013 1309 3082 ab‘·

316 3137 483 3222 Equidem
516 3144 649 3203 secutus
682 3160 755 3202 sum
786 3139 980 3203 Ciceronem
1009 3143 1043 3201 et
1073 3137 1316 3214 Quintilianum
1347 3144 1380 3202 et

229 3247 398 3306 auctorem
422 3243 491 3307 eius
514 3243 609 3326 libri,
634 3243 691 3329 qui
714 3266 733 3306 a
757 3242 956 3326 quibusdam
981 3242 1147 3307 Ciceronis
1170 3264 1242 3306 esse
1266 3242 1379 3306 existi-

228 3352 338 3410 matur
372 3353 405 3410 et
435 3347 643 3412 inscribitur:
684 3347 903 3412 Rhetoricum
935 3346 977 3411 ad
1008 3346 1044 3410 C.
1078 3345 1304 3433 Herennium3
1344 3345 1379 3411 hi

229 3453 318 3516 enim
339 3451 402 3516 hac
426 3451 468 3516 de
490 3474 525 3514 re
549 3451 637 3515 idern
660 3451 729 3516 fere
752 3452 911 3517 sentiunt.

316 3575 390 3638 Hae
413 3579 525 3639 autern
548 3580 626 3638 sunt
648 3575 781 3638 illorum
805 3574 1031 3638 definitiones:
1056 3573 1155 3637 Rhet.
1181 3571 1222 3636 ad
1244 3572 1280 3636 Ο.
1298 3573 1378 3636 Her.

228 3679 286 3744 lib.
310 3678 377 3759 IV,
410 3700 480 3766 cap.
504 3679 611 3762 XXI,
643 3679 704 3741 29:
732 3678 987 3763 „Annominatio
1012 3683 1079 3760 est,
1113 3699 1186 3742 oum
1219 3675 1260 3740 ad
1290 3676 1380 3741 idem

229 3784 368 3849 verbum
402 3791 435 3847 et
467 3783 508 3847 ad
538 3784 627 3848 idern
655 3805 777 3847 nomen
800 3782 969 3847 acceditur
992 3769 1249 3846 commutatione
1280 3783 1379 3847 unius

228 3889 358 3954 litterae
382 3896 439 3953 aut
461 3889 667 3971 litterarum,
699 3895 756 3961 aut
787 3887 829 3950 ad
858 3909 911 3950 res
934 3887 1111 3950 dissimiles
1135 3885 1255 3949 similia
1276 3887 1380 3950 verba

230 3993 549 4059 accommodantur.“

319 4116 386 4180 Cic.
411 4115 453 4178 de
476 4114 566 4178 Orat.
590 4115 648 4180 lib.
673 4116 742 4199 HI,
773 4137 843 4201 cap.
868 4116 928 4196 54,
961 4113 1044 4178 206:
1071 4112 1378 4200 „paullumimmu-

233 4226 340 4290 tatum
363 4219 503 4286 verbum
527 4225 627 4307 atque
643 4220 846 4304 deflexum;“
872 4217 950 4286 ibid.
974 4218 1031 4286 lib.
1056 4217 1101 4304 Π,
1124 4239 1196 4310 cap.
1221 4217 1272 4300 (33,
1297 4215 1378 4284 256:
