3210 4868
741 267 783 343 15

268 492 317 566 Of.
348 490 484 566 Stallb.:
516 499 725 583 Versiculus,
756 501 798 565 ad
831 524 929 586 quem
953 500 1150 590 respicitur,
1182 499 1237 568 hic
1268 508 1336 569 est:

180 604 365 688 αὐτόματοι
388 606 548 687 δ’νῖηαθοὶ
571 603 683 672 δειλῶν
708 608 757 670 έντὶ
780 607 898 680 δαῖτας
920 611 1025 683 ἴασιν,
1048 630 1081 673 v.
1104 607 1237 672 Βολιολ.ιι

267 711 378 776 Huius
407 711 577 799 proverbii
600 712 801 776 sententiam
833 712 869 775 in
901 711 1104 777 contrarium
1128 720 1337 796 convertens,
1359 697 1363 704 ¹

182 838 257 882 oum
281 813 425 896 α’γαθῶν
447 838 508 904 pro
532 810 645 880 δειλῶν
669 816 780 903 ponit,
813 814 1019 902 lepidissime
1043 815 1163 881 alludit
1185 815 1338 881 Socrates

184 921 227 985 ad
249 921 439 1008 Agathonis
462 944 593 987 nomen.

269 1026 344 1090 Hoc
367 1027 440 1091 loco
465 1026 641 1091 lectionem
656 1024 796 1089 Martini
812 1024 970 1089 Schanaii
993 1031 1129 1092 secutus
1152 1047 1221 1090 non
1244 1048 1338 1109 sum;

185 1129 302 1195 scribit
316 1132 405 1196 enim
427 1137 465 1196 ut
480 1130 675 1196 Lachmann
692 1129 931 1217 nycena’sspro
948 1126 1102 1210 α’γαθῶν.
1140 1130 1208 1195 Sed
1229 1152 1338 1216 neque

184 1237 395 1302 accusativus
412 1234 579 1317 Ἀγαθῶν
602 1235 758 1299 hocloco
776 1234 847 1298 sine
862 1236 1106 1321 praepositione
1121 1236 1202 1324 poni
1218 1242 1339 1323 potest,

183 1363 293 1426 neque
315 1341 386 1405 fieri
409 1347 537 1428 potest,
569 1346 607 1404 ut
628 1338 830 1404 vocabulum
854 1336 967 1404 δειλῶν
989 1347 1138 1406 mutetur
1159 1343 1194 1406 in
1217 1364 1340 1407 nomen

183 1447 354 1533 proprium
371 1443 562 1526 Ἀγάθωνα,
586 1466 729 1529 quocum
752 1444 783 1506 ei
805 1442 897 1507 nihil
914 1450 966 1507 est
982 1466 1168 1510 commune.
1213 1448 1340 1512 Mutari

184 1557 315 1616 tantum
337 1556 448 1638 potest
470 1551 506 1615 in
529 1549 747 1615 contrarium:
762 1545 935 1627 ἀ’ναθῶν,
967 1571 1033 1634 quo
1057 1550 1217 1618 alluditur
1240 1555 1341 1620 etiam

186 1656 228 1720 ad
251 1678 375 1720 nomen
397 1655 598 1741 Agathouis.

272 1759 414 1826 Phaedr.
439 1759 504 1822 244
533 1759 580 1822 A:
617 1757 745 1822 Οότωοὶ
768 1761 894 1833 τοίνυν,
927 1749 1040 1824 ῶιιαῖ
1058 1764 1155 1838 καλέ,
1178 1761 1340 1841 ἐννόησον,

185 1866 229 1940 ῶς
251 1864 268 1930 ό
291 1866 349 1945 μέν
371 1861 526 1950 πρότερος
548 1855 586 1938 ἦν
610 1862 703 1942 λόγος
731 1861 922 1949 Φαίδρου
954 1859 1013 1927 τοῦ
1038 1867 1340 1943 Πυθοκλέους,

188 1973 492 2057 Μυρρινουσίου
516 1965 657 2053 ανδρός·
681 1960 718 2030 δν
744 1967 778 2030 δέ
800 1970 905 2046 μέλλοι
930 1970 1047 2048 λέγειν,
1075 1972 1341 2060 Στησιχόρου

186 2073 246 2141 rod
268 2072 503 2161 Εὐφήμου,
528 2073 740 2160 ’[μεραίου.

272 2181 374 2244 Hunc
396 2178 507 2242 lusum
530 2179 661 2263 optime
684 2177 862 2264 explicavit
883 2175 975 2240 Ast:
1002 2178 1136 2262 „Oratio
1158 2179 1264 2269 prior,
1288 2182 1339 2246 in-

188 2285 269 2371 quit,
293 2283 416 2348 dicitur
434 2278 580 2345 Phaedri
603 2303 684 2363 esse,
709 2282 803 2345 cuius
826 2280 961 2345 nornine
985 2283 1194 2368 significatur
1216 2287 1257 2371 ia,
1281 2288 1339 2371 qui
1401 2304 1405 2315 ·

186 2411 274 2455 vana
297 2387 485 2452 oblectatur
508 2385 635 2473 specie;
659 2385 754 2470 isque
777 2385 865 2450 filius
888 2393 1027 2451 vocatur
1049 2389 1242 2474 Pythoclis,
1274 2414 1339 2477 quo

187 2494 286 2559 homo
309 2492 418 2558 famae
441 2498 475 2556 et
496 2490 784 2578 gloriaecupidus
808 2489 1020 2575 designatur;
1054 2501 1226 2578 praeterea
1248 2496 1340 2583 Myr·

188 2598 360 2663 rhinusius
376 2602 527 2679 vocatur,
551 2595 648 2680 quasi
669 2595 705 2659 in
720 2595 801 2658 toris
817 2595 955 2680 myrteis
972 2595 1108 2680 cubans,
1134 2598 1224 2682 quod
1239 2601 1339 2664 moris

190 2708 240 2766 est
272 2703 488 2768 delicatorum
527 2706 561 2764 et
590 2700 780 2765 otiosorum.
834 2698 981 2764 Alterius
1019 2707 1134 2765 contra
1171 2704 1338 2788 orationis,

189 2828 288 2892 quarn
321 2806 475 2872 Socrates
506 2805 654 2870 dicturus
685 2811 753 2888 est,
793 2804 967 2890 ingenium
998 2827 1077 2869 vere
1106 2807 1271 2873 musicum
1301 2805 1340 2873 ac

188 2911 382 2998 religiosum
404 2911 540 2998 egregie
569 2912 634 2976 hoc
662 2910 843 2991 indicatm,
876 2907 965 2993 quod
990 2908 1172 2975 Stesichori
1202 2910 1341 2997 fingitur

190 3038 272 3081 esse.
319 3016 530 3082 Stesichorus
553 3015 711 3081 videlicet
733 3037 752 3079 a
775 3013 884 3078 choris
908 3014 1123 3079 instituendis
1147 3038 1269 3080 nomen
1290 3017 1339 3081 in-

188 3121 300 3203 venit3
334 3143 431 3208 porro
454 3123 544 3186 filius
567 3119 631 3186 fuit
653 3119 837 3207 Euphemi‚
862 3140 927 3203 quo
950 3119 1002 3183 vir
1024 3119 1098 3206 pius
1122 3120 1339 3207 significatur,

190 3231 224 3289 et
245 3226 384 3290 Himera
408 3225 584 3310 oriundus,
619 3246 683 3310 quo
710 3224 763 3288 vir
786 3245 896 3288 amore
921 3226 1046 3311 (ἱμέρῳ)
1070 3226 1166 3310 quasi
1188 3225 1339 3292 initiatus

191 3329 414 3416 designaturfl

276 3435 478 3500 Nominibus
500 3417 643 3522 propriis
660 3433 821 3499 absolutis
845 3434 886 3498 de
910 3433 982 3499 aliis
1000 3434 1171 3501 vocabulis
1189 3456 1338 3521 agamus

277 3539 468 3627 Eythyphr.
492 3541 512 3603 3
537 3540 566 3603 B
593 3538 745 3604 Socrates
768 3561 828 3626 per
850 3539 960 3603 iocum
983 3540 1065 3604 dicit
1087 3540 1152 3604 sibi
1174 3562 1193 3604 a
1214 3540 1338 3605 Maleto

191 3643 321 3708 crimini
337 3644 417 3728 dari,
443 3644 533 3731 quod
551 3667 616 3730 „nc
628 3641 743 3720 ιητης
761 3640 868 3706 θεῶνα
895 3643 939 3707 sit
955 3643 1048 3730 (deos
1066 3643 1167 3708 faciat
1189 3649 1224 3707 et
1237 3646 1338 3730 creet)

191 3748 342 3814 alludens
375 3750 426 3815 ad¹
440 3751 616 3832 Maletum,
648 3751 705 3833 qui
737 3749 884 3813 carmina
916 3747 1089 3812 condebat.
1144 3747 1193 3812 Of.
1218 3749 1337 3814 Stallb.
1384 3799 1387 3803 ·

278 3853 320 3917 In
341 3855 505 3920 vocabulo
521 3850 599 3927 νοῦς
620 3855 748 3918 luditur
764 3853 888 3917 Phaed.
911 3853 953 3916 97
974 3852 1022 3915 D:
1053 3848 1161 3917 ταῦτα
1188 3853 1227 3930 δη
1250 3857 1338 3936 λοηι-

192 3954 323 4039 ζόμενος
345 3950 485 4041 ἄσμενος
516 3960 685 4046 εόρηκέναι
715 3949 805 4041 ᾤμην
838 3954 1037 4022 διδάσκαλον
1060 3956 1116 4035 τῆς
1138 3963 1247 4032 αἰτίας
1268 3962 1338 4046 περὶ

192 4061 256 4127 τῶν
280 4056 384 4129 όντων
405 4063 495 4130 κατα
517 4063 618 4128 νοῶν
643 4061 790 4147 ἐμαυτῷ,
813 4062 869 4127 τόν
892 4061 1118 4151 Ἀναξαγόραν
1142 4071 1203 4128 etc.
1310 4051 1313 4056 ²

278 4171 353 4236 Hoc
376 4171 418 4236 de
439 4171 512 4238 loco
529 4169 648 4235 Stallb.
673 4169 773 4233 dicit:
792 4167 916 4255 „Ludit
937 4167 1036 4234 huius
1059 4168 1221 4236 formulae
1239 4169 1338 4256 (κατα

192 4270 282 4358 νοῶν)
306 4297 387 4362 usu,
410 4274 588 4366 respiciens
612 4273 655 4342 ad
676 4268 755 4341 νοῦν
777 4273 872 4340 illum
897 4276 1147 4362 Anaxagorae.“
