3210 4868
774 256 817 330 12

223 485 347 570 minor,
370 486 624 574 Eythydemus,
646 489 865 576 Protagoras,
887 489 998 574 Meno,
1023 490 1177 578 Gorgias,
1203 490 1372 578 Oratylus,

225 591 444 675 Theaetetus,
483 591 658 678 Sophista,
696 593 873 677 Politicus,
917 594 1150 678 Parmenides,
1187 595 1371 681 Phaedrus,

104 768 106 772 ¹
226 696 440 779 Convivium,
463 695 616 781 Phaedo,
639 697 809 782 Philebus,
832 699 884 763 De
906 699 1088 787 republica,
1112 701 1276 784 Timaeus,
1302 701 1374 766 Ori-

226 802 314 884 tias,
330 802 382 866 De
404 801 545 886 legibus

312 921 379 986 Sed
401 922 468 988 iam
491 923 728 1010 aggrediamur
749 925 792 990 ad
815 925 965 1012 singulos
988 927 1099 991 lusus!

669 1714 773 1779 Pars
795 1713 926 1802 prior.

313 1888 550 1954 Libentissime
573 1888 669 1954 Plato
699 1888 787 1954 ludit
815 1890 851 1954 in
874 1888 1066 1954 nominibus
1088 1890 1247 1978 propriis3
1279 1888 1373 1955 cuius

228 1993 362 2078 generis
385 1994 478 2058 lusus
502 1994 559 2079 qui
582 1993 644 2058 hac
666 2004 761 2081 parte
785 1993 951 2058 tractandi
974 2000 1069 2077 sunt,
1091 1994 1127 2059 hi
1150 2002 1245 2060 sunt:

313 2115 416 2202 Gorg.
447 2115 512 2180 463
541 2117 590 2180 E:
624 2115 775 2190 Εἰκότως
795 2139 847 2197 γε,
879 2108 905 2180 ὦ
936 2118 965 2180 Γ
962 2120 1083 2202 οργιίι·
1115 2116 1210 2182 οὐδὲν
1239 2117 1304 2204 γάρ
1326 2140 1374 2182 aro

226 2224 332 2310 οάιγὲς
355 2225 451 2302 λέγω,
475 2219 624 2295 Πῶλος
647 2222 682 2285 δὲ
704 2212 759 2286 ὅδε
780 2224 852 2295 νέος
874 2223 940 2285 ἐστὶ
962 2223 1019 2286 aab
1042 2221 1128 2302 ὀξύς.
1465 2233 1470 2238 ’

310 2344 385 2409 Ηοο
407 2344 480 2409 loeo
506 2343 547 2408 ad
571 2344 849 2430 significationem
872 2343 967 2409 verbi
989 2340 1095 2418 πῶλος
1111 2343 1246 2432 (pullus)
1271 2343 1375 2410 alludi

224 2449 410 2513 rectissime
446 2455 561 2513 censet
597 2447 887 2513 Schleiermaoher.
942 2448 1158 2513 Facetissime
1190 2450 1277 2513 enim
1315 2471 1375 2537 per

227 2560 337 2618 totum
360 2552 560 2638 colloquium
585 2552 738 2618 Socrates
761 2552 856 2636 Polo,
880 2552 1085 2618 adulescenti
1107 2573 1195 2617 vano
1219 2559 1252 2617 et
1274 2560 1375 2618 teme-

225 2658 324 2740 rarie,
348 2657 469 2721 illudit.
515 2658 589 2722 Hoc
605 2657 720 2722 multis
744 2679 784 2721 ex
799 2657 879 2722 loeis
897 2658 1053 2744 cognosci
1068 2662 1187 2744 potest,
1211 2663 1249 2722 ut
1263 2657 1374 2744 paullo

225 2761 368 2827 inferius
392 2761 469 2844 (463
500 2763 560 2845 E),
599 2784 673 2826 oum
703 2761 800 2826 dicit:
836 2767 885 2846 „cl
906 2762 942 2826 δὲ
962 2761 1009 2843 μή
1029 2759 1185 2843 τνγχάνει
1208 2755 1244 2827 ὃν
1267 2759 1375 2836 τοῦτο,

226 2863 349 2941 Πῶλος
387 2858 443 2932 ὅδε
485 2867 630 2950 &testard
692 2866 920 2932 Pulcherrima
961 2866 1224 2931 dissimulatione
1261 2865 1375 2930 adule-

227 2971 423 3036 scentulum
445 2970 590 3036 ludibrio
613 2970 716 3036 habet
741 2972 804 3036 461
830 2972 873 3053 C,
906 2993 972 3055 quo
1002 2971 1074 3036 loco
1105 2993 1180 3036 eum
1213 2992 1292 3036 sane
1315 2971 1374 3035 im·

222 3075 390 3164 pudenter
417 3080 451 3141 et
473 3077 597 3140 rustice
619 3075 765 3163 Gorgiae
788 3082 821 3140 et
837 3075 983 3140 Socratis
1000 3074 1258 3162 disputationem
1273 3074 1374 3140 inter-

226 3180 408 3268 pellantem
437 3178 490 3243 his
520 3181 632 3246 verbis
663 3180 856 3264 alloquitur:
890 3172 941 3264 ,³52
962 3177 1117 3245 κάλλιστε
1146 3177 1259 3254 Haila,
1288 3176 1375 3244 άλλά

224 3309 274 3350 τοι
298 3284 474 3365 ἐξεπίτηδες
496 3284 660 3366 κτώμεθα
683 3287 841 3368 ε’τειίροος,
866 3283 936 3357 ἵνα,
959 3283 1087 3349 ἐπειδάν
1111 3285 1205 3348 αὐτοὶ
1227 3280 1374 3368 πρεσβύ-

224 3413 312 3476 τεροι
345 3388 524 3470 γιγνόμενοι
558 3386 808 3476 σιγαλλάμεθά,
848 3386 1007 3476 παρόντες
1036 3388 1128 3469 ὑμεῖς
1164 3391 1195 3453 οἱ
1224 3386 1374 3473 νεώτεροι

227 3491 441 3580 ἐπανορθοῦτε
462 3490 551 3573 ἡμῶν
574 3492 630 3557 τόν
652 3493 728 3576 βίον
742 3489 807 3557 ’καὶ
831 3497 864 3554 ἐν
888 3493 992 3576 ἔργοις
1012 3495 1069 3557 aul
1092 3499 1125 3556 ἐν
1149 3491 1285 3573 λόγοις.“

311 3616 447 3680 Phaedo
478 3615 520 3679 ab
547 3615 594 3679 A:
624 3614 704 3678 Εἶεν
734 3613 785 3691 δή,
823 3607 929 3690 ἧδ’ὅς
957 3614 1213 3701 οἘγεκράτης,
1242 3613 1285 3678 τά
1314 3616 1373 3694 μὲν

226 3722 453 3808 Ἁρμονίας
474 3719 549 3800 ἡμῖν
573 3716 629 3795 τῆς
654 3717 821 3803 Θηβαικῆς
844 3717 914 3783 itaci
936 3742 1019 3794 ποις,
1051 3719 1094 3793 οἱς
1116 3722 1215 3793 ἔοικε,
1236 3722 1374 3804 μετρίως

226 3830 358 3906 γέγονε·
380 3829 416 3890 τί
434 3826 469 3890 δὲ
493 3823 530 3900 a>
555 3824 596 3889 τά
619 3821 772 3904 Κάδμον,
795 3826 874 3910 ebo,
897 3815 923 3887 ul
945 3825 1072 3909 Κέβης,
1094 3821 1160 3898 πῶς
1184 3822 1374 3904 ἰλαοόμεθα

224 3932 281 3994 καὶ
303 3934 365 3994 τίνι
389 3928 490 4013 λόγῳ,·

313 4050 529 4115 Facetissime
552 4048 607 4133 (cf.
626 4048 757 4132 Stallb.)
782 4049 942 4115 Simmiae
964 4050 1124 4133 Thebani,
1148 4050 1206 4136 qui
1228 4050 1372 4116 animam

161 4185 167 4193 ·
229 4156 374 4242 corporis
406 4152 612 4219 harmoniam
635 4153 801 4237 quandam
834 4176 904 4219 esse
935 4154 1175 4239 contendebat,
1207 4153 1372 4219 dubitatio

228 4258 422 4343 Harmonia,
447 4256 564 4323 Cadmi
580 4277 673 4339 uxor,
698 4256 840 4344 CebetiS,
863 4258 1015 4326 Thebani
1037 4266 1071 4324 et
1089 4258 1206 4355 ipsius·
1226 4258 1372 4331 Cadmus
