3210 4868
714 631 956 720 Appendix.

347 839 430 926 Leg.
453 839 518 904 657
541 840 585 905 O:
607 840 691 922 μετα
723 823 906 926 χορείαςΙ
935 849 1101 926 χρείαν.

348 943 435 1009 Ibid.
457 944 522 1008 837
546 944 588 1009 O:
613 943 719 1031 ὀρῶν
743 946 778 1008 ὑὲ
800 944 926 1025 μαλλον
948 939 967 1022 ἦ
991 952 1005 1010 ἐ
1013 944 1068 1031 ροῖ
1077 971 1104 1022 ν,
1150 947 1201 1012 Oi.
1225 946 1345 1013 Stallb.

348 1047 434 1113 Ibid.
458 1048 523 1112 956
545 1049 595 1112 E:
618 1047 854 1123 κληρώσεις
878 1050 913 1112 δὲ
936 1050 1151 1136 δικαστηρίοιν
1172 1053 1230 1117 καὶ
1253 1049 1412 1138 πληρώ-

257 1176 360 1243 σεις.
404 1152 522 1217 Stallb.
547 1158 647 1218 vocat
668 1152 874 1239 pareohesin.

312 1290 315 1295 ·
346 1256 433 1323 Ibid.
457 1256 521 1321 656
545 1257 589 1322 O:
612 1258 808 1322 παιδείαν
837 1282 871 1321 τε
900 1260 957 1322 καὶ
979 1257 1170 1324 παιδιάν.
1216 1257 1265 1324 Of.
1292 1256 1414 1325 Stallb.

346 1360 433 1426 Ibid.
456 1361 521 1424 832
544 1361 593 1425 D:
616 1366 824 1426 παιδείαν
847 1386 881 1426 τε
904 1351 976 1442 α’μα
998 1366 1055 1427 καὶ
1078 1361 1268 1427 παιδιάν,

346 1465 475 1530 Laches
507 1466 571 1529 188
600 1465 650 1529 Β;
690 1468 759 1546 ἐμοὶ
793 1469 852 1546 μιν
888 1459 946 1529 οὖν
981 1467 1076 1531 οὐδὲν
1100 1460 1235 1543 ἄηθες
1266 1466 1335 1530 οὐδ’
1367 1487 1411 1530 αν

257 1571 400 1647 αἠὃές.
445 1568 581 1634 Stallb.:
609 1568 888 1656 „paronomasia'fl

267 1724 270 1733 .
347 1675 450 1759 Gorg.
474 1673 539 1737 493
562 1673 610 1738 A:
634 1673 751 1761 καὶτὸ
774 1677 832 1752 μὲν
856 1672 976 1754 σῶμα
1000 1681 1086 1738 ἐστιν
1108 1674 1183 1755 ημῖν
1206 1672 1252 1750 οη
1260 1698 1323 1755 μα.

351 1779 475 1865 Cratyl.
499 1779 564 1842 400
586 1778 634 1843 A:
658 1784 694 1842 τί
712 1803 762 1843 σοι
786 1781 877 1843 δοκεῖ
897 1780 1012 1855 ἔχειν
1043 1802 1076 1842 τε
1105 1762 1162 1842 καὶ
1185 1779 1305 1856 ὀχεῖν
1330 1773 1411 1844 ἄλλο

256 1879 415 1973 ἣψνκ5

351 1988 437 2055 Ibid.
460 1987 526 2052 408
550 1987 594 2052 O:
618 1989 736 2052 λεῖον
758 1990 815 2051 καὶ
840 1991 915 2051 πλεῖ
921 2011 973 2051 ον.
1019 1986 1068 2050 Of.
1093 1985 1210 2051 Stallb.

350 2091 452 2180 Soph.
476 2091 541 2154 228
563 2091 610 2155 A:
638 2089 892 2177 διαφθορᾶς
923 2088 1151 2177 ὁίαιμοριὶν.

346 2198 448 2284 Resp.
472 2197 536 2260 575
559 2197 606 2260 D:
630 2198 813 2282 μητρίδα
837 2236 877 2245 -
901 2198 1093 2282 πατρίδα.

262 2364 266 2369 .
345 2301 428 2387 Leg.
454 2300 518 2365 764
540 2301 589 2364 D:
615 2300 852 2387 φοιτήσεσιν
878 2341 918 2350 -
942 2300 1158 2378 οἰκήσεων.

346 2407 450 2493 Hipp.
481 2405 556 2471 mai.
588 2407 650 2470 301
682 2406 730 2469 D:
763 2405 853 2485 ημεῑς
883 2404 966 2487 γάρ,
1006 2398 1032 2468 ὦ
1062 2409 1277 2491 βέλτιστε,
1308 2393 1413 2476 οὕτως

256 2512 494 2596 οέβὲλτεροι
523 2500 611 2591 ἦμεν.

349 2614 553 2701 Eythydem.
576 2615 640 2678 295
663 2614 711 2679 A:
736 2621 916 2699 ἑρμαῖον
940 2611 1043 2678 αὐτοῦ
1066 2608 1106 2677 ἄν
1130 2603 1311 2698 εὕροιμι.

350 2719 474 2806 Oratyl.
497 2718 564 2782 408
587 2718 628 2783 0:
653 2722 792 2802 τραχν
822 2720 880 2783 καὶ
909 2717 1121 2804 τραγικόν.

348 2823 424 2889 Ibid
445 2825 510 2888 417
532 2824 579 2887 E:
603 2820 840 2910 προαύλιον
860 2819 1176 2903 ,στομανλησαι

346 2929 481 2995 Theaet.
506 2927 569 2992 149
592 2926 641 2991 Β;
665 2930 837 3004 λοχείαν
867 2925 958 3002 είλή
967 2950 1024 3003 χε.

346 3034 461 3122 Symp.
480 3032 603 3097 1850:
621 3034 871 3097 Πανσιινίον
895 3031 929 3094 δι’·
951 3034 1239 3111 πανοαμίνον.
1275 3027 1411 3094 8551153

261 3139 389 3227 „Ludit
412 3138 513 3204 simili
534 3137 713 3203 verborum
736 3138 848 3202 son0.“

344 3244 446 3330 Resp.
469 3243 536 3307 474
557 3243 604 3307 Ε;
628 3236 818 3328 εὐχερῶς
848 3245 1002 3327 φέροντες
1032 3239 1090 3316 τήν
1121 3237 1357 3325 ον’χρότητα.

344 3347 431 3413 Ibid.
454 3347 519 3413 489
542 3347 591 3412 B:
623 3347 641 3411 ο’
665 3342 763 3411 τοῦτο
791 3343 1152 3432 κομψευσάμενος
1182 3340 1409 3430 ἐψεύσατο.

344 3450 431 3516 Ibid.
454 3452 518 3515 533
541 3451 592 3516 D:
615 3458 649 3515 ἐν
670 3448 874 3536 βορβόρῳ
905 3445 1176 3536 βαρβαρικῷ.

345 3555 466 3622 Critias
491 3555 553 3620 106
575 3556 625 3620 B:
648 3553 973 3634 πλημμελοῦντα
1003 3551 1162 3634 ἐμμελῆ.

265 3708 267 3712 .
346 3659 506 3728 Similiter
527 3660 601 3747 Leg
622 3659 687 3725 816
709 3660 758 3725 A:
782 3656 970 3740 ἐμμελῶς
992 3696 1032 3705 -
1056 3651 1310 3737 πλημμελῶς.

266 3833 271 3847 ‚
344 3763 430 3829 Ibid.
454 3765 519 3830 687
540 3764 597 3830 Ε.;
622 3764 662 3829 οὐ
684 3758 782 3828 τοῦτο
805 3762 981 3828 ον’κτέον
1004 3762 1083 3826 οὐδέ
1103 3763 1328 3824 ἐπεικτέον.

345 3868 432 3934 Ibid.
456 3871 521 3936 790
544 3870 586 3935 O:
610 3867 839 3947 τιθήνησιν
862 3868 921 3932 και
942 3873 1123 3943 κίνησιν.

344 3972 431 4038 Ibid.
454 3974 519 4038 823
540 3974 589 4038 E:
612 3971 746 4054 ω’μοιὶς
766 3973 824 4037 καὶ
848 3969 1037 4051 α’νόμονς.

346 4077 449 4164 Gorg.
471 4079 538 4143 448
561 4078 605 4144 O:
629 4082 830 4164 ἐμπειριά
859 4074 949 4141 κατιλ
979 4079 1134 4152 τέχνην
1165 4115 1208 4125 -
1231 4073 1410 4159 α’πειρίοι

260 4182 299 4248 δὲ
319 4180 409 4249 κατα
431 4179 571 4260 τύχην.
