3210 4868
771 232 815 304 23

308 459 392 544 Lag.
410 457 537 523 65:313:
561 460 600 523 ον’
621 462 879 541 θανμιιστόν
902 461 937 525 δι’
961 463 993 523 εἴ
1014 482 1064 532 τις
1087 462 1145 524 καὶ
1171 457 1385 539 cerepum

225 563 406 635 ἐπιδεικνύς
427 561 556 644 μάλιστ’
579 557 739 628 dcccxciv
762 564 881 646 ἡγοῖτο.

240 742 245 751 ,
310 668 396 732 Cum
427 668 630 749 θιινμιιστόν
668 660 786 734 valeat
815 669 954 751 mirum,
996 668 1163 750 θαύματα
1200 666 1378 733 machinae

223 770 390 858 quaedam
421 770 505 854 sint,
536 771 629 837 lusus
659 771 812 837 efficitur.
858 770 909 837 Of.
939 771 1075 837 Stallb.:
1112 772 1287 858 ,Getarum
1317 769 1378 836 ob·

225 896 337 942 serves
360 874 415 939 hic
438 896 570 960 quoque
592 877 858 962 paronomasiam
879 881 963 941 eto.“

308 979 391 1044 Tim.
416 977 459 1042 69
481 977 529 1042 A:
556 971 619 1044 ‘'Or'
643 972 702 1044 οὖν
727 979 765 1056 dr)
788 980 831 1046 τιὶ
863 977 924 1044 νῦν
955 977 1012 1044 οἶιι
1035 983 1183 1045 τέκτοσιν
1206 979 1281 1059 ἡμῖν
1303 970 1375 1055 ὕλη

223 1083 421 1173 παράκειται
444 1081 487 1147 ui
508 1081 573 1147 τῶν
597 1088 710 1147 αἰτίων
732 1089 807 1164 γένη
832 1085 1103 1164 διυλισμένα,
1126 1095 1188 1146 etc.
1302 1144 1304 1147 ,

311 1189 434 1253 Faceta
457 1186 499 1251 ab
522 1185 685 1252 vocabulo
709 1179 770 1265 ὕλη
792 1187 924 1252 ducitur
947 1189 1106 1270 διυλίζειν,
1130 1186 1219 1273 quod
1233 1185 1378 1252 verbum

225 1291 346 1358 Stallb.
379 1283 469 1371 ἅπαξ
508 1295 674 1378 εἰρημένον
705 1297 805 1356 vocat
841 1297 874 1355 et
903 1291 1157 1378 interpretatur:
1199 1290 1377 1377 ,materiae
1435 1323 1437 1327 v

225 1397 332 1462 instar
354 1400 552 1483 praeparata
574 1417 613 1459 ao
636 1394 796 1481 digesta.“

311 1500 414 1586 Hipp.
453 1499 533 1563 min.
563 1499 627 1563 373
659 1498 708 1565 A:
747 1501 831 1565 Ἀλλ’
860 1490 886 1563 ὦ
917 1497 1115 1586 Σώκρατες,
1149 1497 1242 1579 οἷμιιι
1277 1498 1372 1562 οὐδὲν

224 1602 466 1680 δεήσεσθαι
489 1603 607 1668 'toulon
630 1603 686 1682 τῆς
707 1605 866 1690 ἡμετέρας
881 1602 1031 1680 δεήσειν
1040 1596 1065 1678 ςζ
1108 1604 1183 1669 Hoc
1198 1603 1271 1667 loco
1288 1602 1381 1666 δεῖν.

225 1711 293 1773 θαι
315 1729 413 1792 egere
436 1706 616 1792 significat,
641 1711 747 1786 δέησις
768 1709 986 1795 rogationem.
1032 1708 1097 1772 Ast
1119 1707 1377 1793 interpretatur:

227 1811 390 1898 ,arbitror
412 1833 481 1877 non
505 1832 587 1898 opus
612 1835 683 1877 esse
705 1814 851 1900 Hippiae
874 1817 987 1876 nostra
1010 1799 1222 1897 rogatione;“

315 1915 427 2005 Etiam
450 1936 609 2001 oxymora
632 1916 796 2001 quaedam
818 1917 850 1980 in
875 1914 1003 1980 lusibus
1019 1913 1216 1979 numerandi
1239 1910 1334 1979 sunt:

311 2018 440 2083 Politic.
465 2019 529 2083 299
552 2019 599 2083 E:
624 2021 641 2084 o'
664 2022 759 2104 βίος
783 2020 974 2104 ἀβίωτος
995 2018 1113 2100 yr‘yvor'
1138 2012 1188 2083 ἄν.

313 2121 364 2186 Of.
388 2122 486 2209 Apol.
511 2123 554 2187 38
576 2124 625 2187 A:
649 2127 746 2208 βίος
768 2125 815 2188 od
837 2121 1003 2207 βιωτός.

316 2227 432 2313 Symp.
459 2227 522 2290 198
543 2228 590 2291 A:
616 2229 736 2302 α’δεὲς
759 2229 1021 2301 ὃέοηὸεὸιένιιι.

316 2330 418 2417 Resp.
436 2331 500 2394 333
516 2330 563 2395 D:
585 2340 618 2395 ἐν
638 2335 697 2413 μέν
718 2331 856 2418 χρήσει
880 2325 1105 2414 ἄχρηστος,
1136 2336 1169 2393 ἐν
1196 2330 1231 2392 δὲ
1259 2328 1385 2414 οἱχρη-

223 2441 324 2518 στιίμ
354 2434 574 2522 χρήσιμος.

315 2539 398 2623 Lag.
423 2540 487 2603 802
509 2539 559 2603 E:
585 2536 736 2623 ῥυθμῷ
767 2539 1031 2625 ιέρρνθμεῖν.

312 2642 396 2728 Leg.
419 2643 484 2707 853
506 2644 557 2708 D:
589 2642 719 2731 χάριν
747 2644 824 2707 οὐκ
855 2650 1056 2729 ἐπίχαριν
1088 2642 1184 2731 (Ast:
1218 2641 1384 2728 „gratiam

231 2746 323 2812 haud
345 2747 520 2832 gratam“).
1365 2825 1367 2828 y

313 2849 503 2915 Parmenid.
522 2850 648 2916 13:13:
672 2850 983 2938 πραγματειώδη
1005 2848 1178 2917 παιδιάν
1201 2856 1381 2930 παίζειν.

314 2954 387 3019 Hos
428 2954 607 3019 verborum
646 2956 739 3021 lusus
771 2955 860 3043 apud
891 2956 1064 3021 Platonem
1097 2953 1237 3042 repperi.
1292 2952 1380 3017 Sunt

225 3063 356 3141 autem,
387 3063 426 3122 ut
457 3079 558 3144 supra
588 3060 937 3143 commemoravimus,
968 3060 1069 3124 etiam
1092 3059 1380 3124 annominationes

226 3161 408 3247 quaedam,
440 3183 524 3246 quae
547 3161 632 3226 nihil
654 3161 755 3228 faceti
778 3164 948 3229 continere
969 3161 1146 3246 videntur,
1177 3161 1237 3226 aed
1260 3162 1378 3228 simili·

231 3265 349 3330 tudine
371 3287 494 3330 vocum
515 3272 648 3331 tantum
671 3288 766 3332 aures
788 3268 824 3331 in
846 3291 882 3332 se
904 3273 1115 3334 convertunt.

314 3370 362 3434 Hi
389 3371 483 3434 lusus
498 3370 641 3434 vocandi
657 3376 736 3435 sunt
756 3372 850 3436 lusus
872 3373 946 3437 soni
962 3371 1077 3455 (Kuno
1092 3372 1248 3438 Fischer:
1263 3373 1379 3459 ittonae

226 3473 331 3559 miv).
378 3475 463 3538 Oum
486 3480 599 3539 autern
621 3475 721 3540 multi
744 3475 852 3542 faceta
875 3498 947 3541 esse
962 3476 1174 3562 arbitrentur,
1198 3499 1283 3563 quae
1306 3476 1380 3541 aliis

228 3599 295 3642 non
317 3577 512 3661 videantur,
545 3584 579 3643 et
610 3601 708 3666 saepe
732 3578 909 3667 disceptari
931 3582 1055 3669 possit,
1087 3588 1199 3647 utrum
1220 3582 1313 3646 lusus
1336 3580 1382 3644 sit

228 3683 407 3748 verborum
439 3683 533 3748 lusus
565 3705 608 3748 an
637 3685 729 3768 soni,
760 3684 796 3748 in
825 3684 1009 3772 appendice
1030 3687 1127 3772 posui
1150 3707 1206 3751 eos
1227 3683 1382 3751 Platonis

227 3785 321 3851 lusus
345 3789 426 3871 soni,
451 3788 507 3872 qui
531 3787 613 3852 mihi
629 3788 938 3854 commemoratione
961 3788 1056 3876 digni
1079 3811 1151 3855 esse
1166 3789 1379 3854 videbantur.

701 4037 908 4044 ——q
