3210 4868
805 236 827 315 5

738 339 893 346 —...--—·-

323 473 573 541 Pulcherrimus
598 479 648 538 est
670 473 762 538 lusus
784 475 823 539 Il.
847 473 951 558 XVI,
976 474 1179 538 140-144:

324 585 420 662 ἔγχος
443 580 469 644 δ’
492 580 558 657 οὐχ
581 579 660 644 ἕλετ’
683 578 752 643 οἷον
776 579 944 661 α’μύμονος
965 580 1136 645 Αἰακίδαο

323 684 434 772 βριθδ
456 689 540 766 μέγα
564 683 748 770 στιβαρόν·
779 684 816 749 τό
839 688 897 766 μίν
927 685 967 749 οδ
990 683 1101 750 δύνατ’
1125 678 1223 759 ἄλλος
1245 685 1389 763 Ἀχαιῶν

323 791 470 866 πάλλειν,
493 787 580 855 α’λλιί
601 815 656 871 μιν
679 789 747 864 οἶος
770 793 922 856 ἐπίστατο
945 790 1073 867 πῆλαι
1096 790 1271 868 Ἀχιλλεύς,

327 895 522 976 Πηλιιίδα
544 899 668 977 μελίην,
691 894 747 973 τήν
772 898 869 981 πατρὶ
893 900 978 982 (μίλῳ
1001 895 1079 982 πόρε
1103 899 1231 982 Χείρων

325 1007 491 1081 Πηλίον
515 1008 551 1067 ἐκ
572 998 737 1089 κορνᾳης,
761 999 864 1088 μόνον
888 1004 1020 1083 ἔμμεναι
1042 1000 1208 1090 ημιόεοσιν.

239 1161 243 1168 .
324 1109 374 1175 Of.
398 1108 489 1194 {adlit
526 1107 605 1189 „uie
628 1107 828 1193 λλεμίιῐμνινη
852 1107 980 1184 Πηλιάο
1009 1110 1044 1192 iu
1075 1110 1148 1194 ohne
1171 1111 1297 1198 ssrocilel
1319 1125 1387 1180 nom

233 1219 330 1302 berge
354 1212 479 1292 Πήλιον
509 1213 753 1298 ηειηιννηιινεν,
785 1215 853 1296 norb
885 1215 948 1281 bem
971 1213 1247 1300 ssutommeubunqe
1271 1217 1387 1294 unieret

234 1322 335 1392 &elle
359 1319 461 1405 tarint
486 1317 555 1385 uber
580 1319 643 1387 eine
660 1317 845 1404 λλνληίιῐνιιη
868 1318 921 1401 cul
942 1314 1040 1395 πῆλαι
1063 1319 1123 1388 urb
1148 1319 1277 1396 Πηλεύς
1299 1315 1386 1390 burin

233 1448 269 1515 tu
292 1427 415 1511 tegar
935 1513 939 1519 Ι

321 1530 576 1595 Comoediarum
599 1552 679 1595 vero
702 1530 895 1618 scriptores,
931 1550 1072 1614 quorum
1095 1552 1223 1596 summa
1254 1533 1306 1596 vis
1336 1536 1387 1596 est

233 1638 270 1702 in
294 1637 396 1702 variis
420 1635 616 1700 facetiarum
632 1633 822 1721 generibuS,
846 1634 1038 1722 saepissime
1060 1634 1183 1699 ludunt
1204 1638 1240 1700 in
1262 1636 1382 1702 verbis

233 1741 283 1806 Of.
301 1739 438 1806 Carolus
452 1740 645 1827 Holzinger,
664 1741 705 1806 de
722 1738 900 1804 verborum
915 1739 992 1803 lusu
1008 1739 1098 1825 apud
1113 1740 1383 1828 Aristophanem.

232 1845 452 1911 Vindobonae
475 1845 571 1911 1876.

134 1962 136 1967 ’
318 1950 386 2016 Sed
417 1973 461 2015 ne
492 1951 684 2038 tragoediae
713 1951 848 2037 quidem
880 1956 995 2015 carent
1016 1949 1163 2030 lusibus,
1193 1956 1232 2014 ut
1260 1949 1382 2015 Aesch.

231 2058 340 2122 Prom.
363 2057 525 2122 85-86:
560 2063 564 2072 ‘

318 2162 542 2248 ψευδωνύμως
566 2187 601 2226 σε
626 2162 777 2243 δαίμονες
799 2164 1043 2246 Προμηθέα

213 2339 217 2351 ⁸
318 2264 497 2331 καλοῖσιν·
523 2267 625 2333 adadu
648 2265 712 2352 γάρ
737 2290 773 2330 σε
796 2267 846 2330 δεῖ
866 2269 1128 2354 προμηθέως.

320 2371 407 2456 ,Sed
430 2394 515 2456 quae
538 2372 676 2459 poetis,“
703 2371 793 2436 dicat
815 2372 947 2456 aliquis,
975 2371 1176 2457 „concedere
1198 2394 1265 2437 non
1286 2371 1381 2437 dubi-

231 2481 361 2561 tamuS,
385 2483 424 2541 ut
447 2476 571 2541 talibus
594 2478 695 2562 nugis
719 2499 814 2541 aures
837 2485 870 2540 et
893 2479 1022 2542 animos
1045 2476 1250 2541 audientium
1275 2476 1381 2542 delec-

229 2585 319 2663 tent,
350 2581 557 2669 philosophis
589 2582 689 2669 plane
718 2582 873 2668 neganda
904 2588 991 2647 sunt.
1045 2580 1134 2658 Quid
1163 2581 1251 2645 enirn
1273 2582 1380 2667 magis

231 2683 388 2749 abhorret
412 2708 431 2750 a
453 2686 684 2774 philosophiae
709 2687 885 2751 severitate
908 2693 941 2750 et
965 2687 1150 2752 subtilitate
1166 2707 1262 2770 qaam
1285 2686 1379 2749 lusus

231 2795 264 2852 et
286 2789 466 2855 verborum
489 2791 711 2877 ambiguitas,
743 2814 809 2876 qua
840 2813 916 2855 oum
947 2792 1055 2855 omnis
1079 2790 1272 2879 disputandi
1295 2791 1379 2856 ratio

228 2903 455 2980 pervertatur,
488 2895 560 2959 fieri
582 2919 651 2961 non
672 2903 801 2983 potest,
833 2901 1047 2962 ut-teneatur
1068 2898 1125 2962 illa
1147 2897 1377 2984 perspicuitaS,

229 3019 295 3081 qua
325 2984 457 3066 sublata
487 3002 616 3066 tollitur
646 3003 718 3088 ipsa
755 3000 1009 3088 philosophia?“
1072 3003 1165 3066 Haeo
1195 3023 1275 3065 vera
1307 3023 1378 3065 esse

229 3123 352 3187 negare
368 3105 465 3170 nobis
487 3129 555 3171 non
579 3113 630 3171 est
651 3107 823 3195 inanimo,
847 3128 908 3170 nec
923 3107 1130 3195 philosophis
1154 3104 1376 3185 concedimuS,

227 3212 266 3269 ut
296 3207 332 3270 in
362 3208 444 3294 ipsis
474 3211 724 3276 definitionibus
757 3217 789 3275 et
818 3213 1039 3296 argumentis,
1072 3213 1206 3297 quibus
1223 3213 1377 3276 nituntur

230 3311 461 3400 philosophiae
489 3322 683 3402 praecepta,
713 3316 748 3379 in
778 3316 956 3381 verborum
991 3317 1210 3403 ambiguitate
1240 3316 1375 3398 ludant3

229 3414 288 3479 sed
303 3416 447 3501 Platoni,
472 3442 547 3484 cum
570 3421 603 3484 in
630 3418 806 3484 scribendo
824 3418 948 3506 dialogi
964 3421 1071 3485 forma
1094 3443 1174 3485 usus
1199 3422 1242 3485 sit
1265 3429 1298 3485 et
1315 3420 1374 3486 So-

227 3527 351 3585 cratem
375 3545 450 3586 cum
473 3523 695 3589 familiaribus
722 3530 755 3587 et
778 3523 935 3612 sophistis
959 3527 1203 3612 colloquentem
1226 3525 1374 3608 iuducet,

226 3625 350 3692 licebat
366 3649 463 3716 saepe
486 3650 506 3692 a
522 3629 686 3694 severiore
702 3629 886 3694 disserendi
903 3653 993 3695 more
1009 3630 1140 3714 digredi
1163 3637 1196 3693 et
1215 3651 1373 3716 personas

228 3731 352 3816 dialogi
375 3731 513 3798 liberius
537 3735 763 3819 colloquentes
787 3733 914 3819 facere,
939 3742 976 3801 ut
998 3740 1170 3822 poetarum
1193 3756 1283 3798 more
1305 3755 1374 3797 non

226 3837 334 3901 solum
365 3836 501 3921 doceat,
534 3839 592 3903 sed
623 3840 724 3904 etiam
747 3839 887 3903 delectet
909 3840 1092 3924 legentium
1116 3841 1263 3919 animos,
1295 3860 1372 3903 nam

225 3941 339 4006 referti
368 3947 448 4007 sunt
477 3943 548 4007 eius
579 3943 656 4008 libri
687 3941 811 4008 salibus
834 3945 1063 4009 urbanissimis
1095 3951 1128 4008 et
1148 3942 1371 4031 lepidissimis,

224 4051 264 4111 ut
292 4067 359 4110 non
392 4047 498 4111 solum
529 4048 587 4133 qui
617 4046 847 4135 philosophiae
879 4048 1030 4131 student,
1062 4049 1121 4114 sed
1151 4070 1281 4130 omnes,
1315 4048 1372 4131 qui
1454 4059 1456 4062 ’

227 4156 404 4216 venustate
427 4157 461 4215 et
482 4152 593 4239 lepore
617 4153 811 4240 disputandi
834 4154 1050 4240 delectantur,
1075 4179 1115 4220 ex
1129 4156 1279 4222 Platonis
1302 4156 1370 4222 dia-

223 4255 310 4343 logis
333 4260 496 4339 summam
519 4258 725 4348 uoluptatem
748 4259 890 4348 capiant,
